[{"fields": {"sam_citystate": "WACO, TX 76710", "duns": "008050242", "number_of_employees": 53, "cm_name": "William Ward", "pm_name": "Jeff Earley", "sam_url": "http://www.act-i.com", "cm_email": "wward@act-i.com", "setasides": [], "duns_4": "0080502420000", "annual_revenue": 4500000, "name": "Advanced Concepts and Technologies International, LLC", "cage": "1C2H1", "sam_expiration_date": "2015-08-14T08:22:34Z", "sam_status": "ACTIVE", "sam_activation_date": "2014-08-14T08:30:06Z", "sam_address": "1105 WOODED ACRES STE 500", "sam_exclusion": false, "pm_email": "jearley@act-i.com", "pm_phone": "703-418-0636", "cm_phone": "254-776-9511"}, "model": "vendor.vendor", "pk": 1}, {"fields": {"sam_citystate": "VIENNA, VA 22182", "duns": "049192649", "number_of_employees": 95, "cm_name": "Jen Kim", "pm_name": "Gary Bell", "sam_url": "http://www.astminc.com", "cm_email": "Jen.kim@adstm.com", "setasides": [], "duns_4": "0491926490000", "annual_revenue": 6000000, "name": "Advanced Systems Technology and Management, Inc.", "cage": "1NU65", "sam_expiration_date": "2015-02-24T16:14:08Z", "sam_status": "ACTIVE", "sam_activation_date": "2014-02-24T16:30:19Z", "sam_address": "8229 BOONE BLVD STE 520", "sam_exclusion": false, "pm_email": "Gary.bell@adstm.com", "pm_phone": "240-538-8357", "cm_phone": "703-821-0678"}, "model": "vendor.vendor", "pk": 2}, {"fields": {"sam_citystate": "Reston, VA 20191", "duns": "136794802", "number_of_employees": 0, "cm_name": "Kristopher McKinley", "pm_name": "Steven Frazier", "sam_url": "http://www.amyx.com/", "cm_email": "kmckinley@amyx.com", "setasides": [], "duns_4": "1367948020000", "annual_revenue": 0, "name": "AMYX, Inc.", "cage": "1QNC9", "sam_expiration_date": "2015-05-05T14:12:18Z", "sam_status": "ACTIVE", "sam_activation_date": "2014-05-05T14:12:17Z", "sam_address": "12355 SUNRISE VALLEY DR STE 520", "sam_exclusion": null, "pm_email": "sfrazier@amyx.com", "pm_phone": "703-373-1163", "cm_phone": "703-373-1436"}, "model": "vendor.vendor", "pk": 3}, {"fields": {"sam_citystate": "VIENNA, VA 22182", "duns": "623876096", "number_of_employees": 5, "cm_name": "David Rattay", "pm_name": "Scott Conrad", "sam_url": "HTTP://WWW.ANALYTICSTRATEGIES.COM", "cm_email": "david.rattay@analyticstrategies.com", "setasides": [1, 2], "duns_4": "6238760960000", "annual_revenue": 300000, "name": "Analytic Strategies", "cage": "4DZW4", "sam_expiration_date": "2014-11-15T18:01:03Z", "sam_status": "ACTIVE", "sam_activation_date": "2013-11-15T18:15:05Z", "sam_address": "1934 Old Gallows Rd Ste 502", "sam_exclusion": false, "pm_email": "scott.conrad@analyticstrategies.com", "pm_phone": "571-248-7747", "cm_phone": "571-248-7744"}, "model": "vendor.vendor", "pk": 4}, {"fields": {"sam_citystate": "Northville, MI 48167", "duns": "117755293", "number_of_employees": 8, "cm_name": "Kabir Dargan", "pm_name": "Kabir Dargan", "sam_url": "http://www.bbande.com", "cm_email": "kabir.dargan@barainfo.com", "setasides": [], "duns_4": "1177552930000", "annual_revenue": 1700000, "name": "BB&E", "cage": "3A3Q8", "sam_expiration_date": "2015-06-03T14:25:53Z", "sam_status": "ACTIVE", "sam_activation_date": "2014-06-03T14:47:05Z", "sam_address": "235 East Main Street, Suite 107 ", "sam_exclusion": false, "pm_email": "kabir.dargan@barainfo.com", "pm_phone": "925-790-0130 x 30", "cm_phone": "925-790-0130 x 30"}, "model": "vendor.vendor", "pk": 5}, {"fields": {"sam_citystate": "SAN RAMON, CA 94583", "duns": "129988148", "number_of_employees": 6, "cm_name": "Doug Barber", "pm_name": "Aaron Etnyre", "sam_url": "http://www.barainfo.com", "cm_email": "dbarber@bbande.com", "setasides": [15], "duns_4": "1299881480000", "annual_revenue": 3000000, "name": "Bara Infoware", "cage": "30KF8", "sam_expiration_date": "2015-08-28T19:45:03Z", "sam_status": "ACTIVE", "sam_activation_date": "2014-08-28T20:00:19Z", "sam_address": "2678 BISHOP DR STE 116", "sam_exclusion": false, "pm_email": "aetnyre@bbande.com", "pm_phone": "248-489-9636 x 303", "cm_phone": "248-489-9636 x 301"}, "model": "vendor.vendor", "pk": 6}, {"fields": {"sam_citystate": "HUNTSVILLE, AL 35805", "duns": "806849303", "number_of_employees": 0, "cm_name": "Steve Cook", "pm_name": "Andy Bevilacqua", "sam_url": "http://www.brc2.com", "cm_email": "stevec@brc2.com", "setasides": [1, 2, 18], "duns_4": "8068493030000", "annual_revenue": 0, "name": "Bevilacqua Research Corp", "cage": "0U9B6", "sam_expiration_date": "2015-09-09T12:12:10Z", "sam_status": "ACTIVE", "sam_activation_date": "2014-09-09T12:31:04Z", "sam_address": "4901 CORPORATE DR NW STE B", "sam_exclusion": false, "pm_email": "andyb@brc2.com", "pm_phone": "256-882-6229 x 102", "cm_phone": "256-882-6229 x 111"}, "model": "vendor.vendor", "pk": 7}, {"fields": {"sam_citystate": "Chantilly, VA 20151", "duns": "832403948", "number_of_employees": 60, "cm_name": "Alfred Turner", "pm_name": "Erich Mendez", "sam_url": "http://www.bluewaterfederal.com", "cm_email": "aturner@bwfed.com", "setasides": [3], "duns_4": "8324039480000", "annual_revenue": 24192008, "name": "Bluewater Federal Solutions", "cage": "5T6A9", "sam_expiration_date": "2015-06-27T13:38:09Z", "sam_status": "ACTIVE", "sam_activation_date": "2014-07-01T12:01:10Z", "sam_address": "14420 Albemarle Pointe Pl Ste 200 ", "sam_exclusion": false, "pm_email": "emendez@bwfed.com", "pm_phone": "703-621-7467", "cm_phone": "703-621-7470"}, "model": "vendor.vendor", "pk": 8}, {"fields": {"sam_citystate": "Catoosa, OK 74015", "duns": "831891788", "number_of_employees": 67, "cm_name": "Janice K. Dearman", "pm_name": "Keith Rounsaville", "sam_url": null, "cm_email": "janice.dearman@cn-bus.com", "setasides": [15, 16], "duns_4": "8318917880000", "annual_revenue": 6797801, "name": "Cherokee Nation Technologies", "cage": "5QJT3", "sam_expiration_date": "2015-07-31T14:45:00Z", "sam_status": "ACTIVE", "sam_activation_date": "2014-07-31T15:25:02Z", "sam_address": "777 W Cherokee St ", "sam_exclusion": false, "pm_email": "keith.rounsaville@cnt-fc.com", "pm_phone": "970-488-1057", "cm_phone": "918-430-3409"}, "model": "vendor.vendor", "pk": 9}, {"fields": {"sam_citystate": "ROCKVILLE, MD 20850", "duns": "127222466", "number_of_employees": 37, "cm_name": "Zaina Sahady", "pm_name": "Phil Sahady", "sam_url": "http://www.chevoconsulting.com", "cm_email": "zsahady@chevoconsulting.com", "setasides": [3], "duns_4": "1272224660000", "annual_revenue": 2600000, "name": "Chevo Consulting", "cage": "3DFS9", "sam_expiration_date": "2015-04-15T10:42:15Z", "sam_status": "ACTIVE", "sam_activation_date": "2014-04-15T11:01:17Z", "sam_address": "2275 RESEARCH BLVD., STE 100", "sam_exclusion": false, "pm_email": "psahady@chevoconsulting.com", "pm_phone": "301-309-0040 x 230", "cm_phone": "301-309-0040 x229"}, "model": "vendor.vendor", "pk": 10}, {"fields": {"sam_citystate": "HERNDON, VA 20171", "duns": "805875718", "number_of_employees": 25, "cm_name": "Siddharta (Sid) Chowdhary", "pm_name": "Prashant Gaur", "sam_url": "http://www.credence-llc.com", "cm_email": "Oasis@credence-llc.com", "setasides": [15, 16], "duns_4": "8058757180000", "annual_revenue": 4000000, "name": "Credence Management Solutions", "cage": "4WPK2", "sam_expiration_date": "2015-08-14T23:16:51Z", "sam_status": "ACTIVE", "sam_activation_date": "2014-08-14T23:30:07Z", "sam_address": "2201 COOPERATIVE WAY STE 600", "sam_exclusion": false, "pm_email": "Oasis@credence-llc.com", "pm_phone": "703-819-4158", "cm_phone": "703-819-6876"}, "model": "vendor.vendor", "pk": 11}, {"fields": {"sam_citystate": "Silver Spring, MD 20910", "duns": "168926264", "number_of_employees": 23, "cm_name": "Adam Hurlburt", "pm_name": "Rakesh Gopal", "sam_url": "http://www.dakota-consulting.com", "cm_email": "adam.hurlburt@dakota-consulting.com", "setasides": [3, 15, 16], "duns_4": "1689262640000", "annual_revenue": 2474628, "name": "Dakota Consulting", "cage": "33EX5", "sam_expiration_date": "2015-07-08T13:39:09Z", "sam_status": "ACTIVE", "sam_activation_date": "2014-07-08T14:01:01Z", "sam_address": "1110 Bonifant St Ste 310", "sam_exclusion": false, "pm_email": "rakesh.gopal@dakota-consulting.com", "pm_phone": "240-645-0286", "cm_phone": "240-645-0229"}, "model": "vendor.vendor", "pk": 12}, {"fields": {"sam_citystate": "Chantilly, VA 20151", "duns": "111471350", "number_of_employees": 15, "cm_name": "Cheryl Cartwright", "pm_name": "Thomas Willert", "sam_url": "http://www.eaglerayinc.com", "cm_email": "ccartwright@eaglerayinc.com", "setasides": [3], "duns_4": "1114713500000", "annual_revenue": 2100000, "name": "Eagle Ray Inc.", "cage": "3FGA6", "sam_expiration_date": "2015-08-14T10:44:06Z", "sam_status": "ACTIVE", "sam_activation_date": "2014-08-14T18:13:21Z", "sam_address": "14425 Penrose Place Ste 110 ", "sam_exclusion": false, "pm_email": "twillert@eaglerayinc.com", "pm_phone": "703-961-9637", "cm_phone": "703-961-9637"}, "model": "vendor.vendor", "pk": 13}, {"fields": {"sam_citystate": "RESTON, VA 20191", "duns": "839665098", "number_of_employees": 45, "cm_name": "Hubin Jiang", "pm_name": "John Bowler", "sam_url": "http://www.ecompex.com", "cm_email": "hubin.jiang@ecompex.com", "setasides": [], "duns_4": "8396650980000", "annual_revenue": 2500000, "name": "Ecompex", "cage": "1HND6", "sam_expiration_date": "2015-01-27T08:28:42Z", "sam_status": "ACTIVE", "sam_activation_date": "2014-01-27T08:45:12Z", "sam_address": "1875 CAMPUS COMMONS DR STE 210", "sam_exclusion": false, "pm_email": "john.bowler@ecompex.com", "pm_phone": "703-288-3382 x 2207", "cm_phone": "703-288-3382 x 2205"}, "model": "vendor.vendor", "pk": 14}, {"fields": {"sam_citystate": "HUNTSVILLE, AL 35805", "duns": "160062311", "number_of_employees": 94, "cm_name": "Billie Turmenne", "pm_name": "Michael L. Lindsey", "sam_url": null, "cm_email": "OASISSB@eleit-tech.com", "setasides": [3, 15, 18], "duns_4": "1600623110000", "annual_revenue": 6153047, "name": "Eleit Technology", "cage": "1DET1", "sam_expiration_date": "2015-08-18T14:37:09Z", "sam_status": "ACTIVE", "sam_activation_date": "2014-08-18T14:45:39Z", "sam_address": "201 TRIANA BLVD NW", "sam_exclusion": false, "pm_email": "OASISSB@eleit-tech.com", "pm_phone": "256-533-4773", "cm_phone": "256-533-4773"}, "model": "vendor.vendor", "pk": 15}, {"fields": {"sam_citystate": "ARLINGTON, VA 22201", "duns": "129842667", "number_of_employees": 43, "cm_name": "Ben Garthwaite", "pm_name": "Ben Garthwaite", "sam_url": "http://www.forsmarshgroup.com", "cm_email": "bgarthwaite@forsmarshgroup.com", "setasides": [], "duns_4": "1298426670000", "annual_revenue": 5541531, "name": "Fors Marsh Group", "cage": "360C2", "sam_expiration_date": "2015-05-13T14:57:41Z", "sam_status": "ACTIVE", "sam_activation_date": "2014-05-13T15:18:01Z", "sam_address": "1010 N. GLEBE RD, STE 510", "sam_exclusion": false, "pm_email": "bgarthwaite@forsmarshgroup.com", "pm_phone": "571-858-3799", "cm_phone": "571-858-3799"}, "model": "vendor.vendor", "pk": 16}, {"fields": {"sam_citystate": "BURLINGTON, MA 01803", "duns": "197503212", "number_of_employees": 0, "cm_name": "Sal Malgari", "pm_name": "David DeNofrio", "sam_url": "http://www.gemini-ind.com", "cm_email": "OASIS@gemini-ind.com", "setasides": [3], "duns_4": "1975032120000", "annual_revenue": 0, "name": "Gemini Industries", "cage": "0BAX9", "sam_expiration_date": "2015-01-23T19:19:34Z", "sam_status": "ACTIVE", "sam_activation_date": "2014-01-23T19:30:16Z", "sam_address": "200 WHEELER RD STE 4", "sam_exclusion": false, "pm_email": "OASIS@gemini-ind.com", "pm_phone": "781-203-0100 x 120", "cm_phone": "781-203-0100 x 104"}, "model": "vendor.vendor", "pk": 17}, {"fields": {"sam_citystate": "Herndon, VA 20171", "duns": "786997739", "number_of_employees": 11, "cm_name": "Sanjeev Hirani", "pm_name": "Paul Kwiatkowski", "sam_url": "http://www.ikun.com/", "cm_email": "Sanjeev.Hirani@Akima.com", "setasides": [15, 16], "duns_4": "7869977390000", "annual_revenue": 2876591, "name": "Ikun", "cage": "4UYY6", "sam_expiration_date": "2015-07-25T11:06:01Z", "sam_status": "ACTIVE", "sam_activation_date": "2014-07-25T11:42:00Z", "sam_address": "13873 Park Center Rd Ste 400N", "sam_exclusion": false, "pm_email": "Paul.Kwiatkowski@Akima.com", "pm_phone": "703-766-7714", "cm_phone": "703-766-6260"}, "model": "vendor.vendor", "pk": 18}, {"fields": {"sam_citystate": "MCLEAN, VA 22102", "duns": "198024809", "number_of_employees": 25, "cm_name": "Corinne Militz", "pm_name": "LeRoy Burney", "sam_url": null, "cm_email": "cmilitz@itllc.com", "setasides": [1, 2, 15, 16], "duns_4": "1980248090000", "annual_revenue": 2500000, "name": "Infinity Technology", "cage": "39AM6", "sam_expiration_date": "2015-08-01T15:53:57Z", "sam_status": "ACTIVE", "sam_activation_date": "2014-08-01T16:15:33Z", "sam_address": "7930 JONES BRANCH DR STE 800", "sam_exclusion": false, "pm_email": "oasis@itllc.com", "pm_phone": "571-765-4721", "cm_phone": "571-765-4722"}, "model": "vendor.vendor", "pk": 19}, {"fields": {"sam_citystate": "VIENNA, VA 22182", "duns": "611390592", "number_of_employees": 15, "cm_name": "Erfan Kabir", "pm_name": "Ajay S. Kalotra", "sam_url": "http://www.ibtci.com", "cm_email": "ErfanK@ibtci.com", "setasides": [], "duns_4": "6113905920000", "annual_revenue": 6652696, "name": "International Business and Technical Consutants", "cage": "1UFC6", "sam_expiration_date": "2015-10-02T14:18:10Z", "sam_status": "ACTIVE", "sam_activation_date": "2014-10-02T14:30:51Z", "sam_address": "8618 WESTWOOD CENTER DR STE 400 ", "sam_exclusion": false, "pm_email": "akalotra@ibtci.com", "pm_phone": "703-749-0100 x 234", "cm_phone": "703-749-0100 x 244"}, "model": "vendor.vendor", "pk": 20}, {"fields": {"sam_citystate": "YORKTOWN, VA 23693", "duns": "799582379", "number_of_employees": 10, "cm_name": "Michael Carlson", "pm_name": "Fred Roitz", "sam_url": null, "cm_email": "mcarlson@ita-intl.com", "setasides": [1, 2, 15, 16], "duns_4": "7995823790000", "annual_revenue": 400000, "name": "ITA International", "cage": "1TC80", "sam_expiration_date": "2015-05-09T12:18:33Z", "sam_status": "ACTIVE", "sam_activation_date": "2014-05-09T12:31:13Z", "sam_address": "111 CYBERNETICS WAY STE 112", "sam_exclusion": false, "pm_email": "froitz@ita-intl.com", "pm_phone": "757-246-6781", "cm_phone": "757-246-6781"}, "model": "vendor.vendor", "pk": 21}, {"fields": {"sam_citystate": "TEMPE, AZ 85282", "duns": "089072826", "number_of_employees": 110, "cm_name": "Kevin Terrell", "pm_name": "Kevin Terrell", "sam_url": "http://www.ktc-ops.com", "cm_email": "kterrell@ktc-ops.com", "setasides": [1, 2], "duns_4": "0890728260000", "annual_revenue": 3000000, "name": "KT Consulting", "cage": "1X2F2", "sam_expiration_date": "2015-08-05T17:26:43Z", "sam_status": "ACTIVE", "sam_activation_date": "2014-08-21T11:25:01Z", "sam_address": "2327 S HARDY DR ", "sam_exclusion": false, "pm_email": "kterrell@ktc-ops.com", "pm_phone": "480-538-2668", "cm_phone": "480-538-2668"}, "model": "vendor.vendor", "pk": 22}, {"fields": {"sam_citystate": "ALEXANDRIA, VA 22312", "duns": "009757188", "number_of_employees": 16, "cm_name": "Haydn Hislop", "pm_name": "William A Davis", "sam_url": "http://www.lochharbour.com/", "cm_email": "hhislop@lochharbour.com", "setasides": [1, 2], "duns_4": "0097571880000", "annual_revenue": 735825, "name": "Loch Harbor Group", "cage": "07QZ5", "sam_expiration_date": "2015-09-10T15:27:07Z", "sam_status": "ACTIVE", "sam_activation_date": "2014-09-10T16:00:41Z", "sam_address": "6121 LINCOLNIA RD STE 400", "sam_exclusion": false, "pm_email": "wdavis@lochharbour.com", "pm_phone": "703-642-2380", "cm_phone": "703-642-2380"}, "model": "vendor.vendor", "pk": 23}, {"fields": {"sam_citystate": "KNOXVILLE, TN 37932", "duns": "123686912", "number_of_employees": 30, "cm_name": "Monika Deja", "pm_name": "Shelley Bond", "sam_url": "http://www.managementsolutionsllc.com", "cm_email": "monikad@msiuniversal.com", "setasides": [3, 15, 16], "duns_4": "1236869120000", "annual_revenue": 3000000, "name": "Management Solutions, Inc. (MSI Universal)", "cage": "3CNF4", "sam_expiration_date": "2015-08-14T11:00:44Z", "sam_status": "ACTIVE", "sam_activation_date": "2014-08-14T18:13:19Z", "sam_address": "2202 AWARD WINNING WAY STE 201", "sam_exclusion": false, "pm_email": "shelleyb@msiuniversal.com", "pm_phone": "703-850-2033", "cm_phone": "301-728-2988"}, "model": "vendor.vendor", "pk": 24}, {"fields": {"sam_citystate": "Erie, PA 16507", "duns": "072637457", "number_of_employees": 0, "cm_name": "Bill Carney", "pm_name": "Daniel L. Shumate", "sam_url": "http://www.mcmanis-monsalve.com", "cm_email": "OASIS@mcmanis-monsalve.com", "setasides": [1, 18], "duns_4": "0726374570000", "annual_revenue": 0, "name": "McManis and Monsalve", "cage": "1VUT1", "sam_expiration_date": "2014-12-23T16:25:17Z", "sam_status": "ACTIVE", "sam_activation_date": "2013-12-23T16:45:04Z", "sam_address": "100 State St Ste 103 ", "sam_exclusion": false, "pm_email": "OASIS@mcmanis-monsalve.com", "pm_phone": "814-454-4000", "cm_phone": "814-454-4000"}, "model": "vendor.vendor", "pk": 25}, {"fields": {"sam_citystate": "FALLS CHURCH, VA 22043", "duns": "608740957", "number_of_employees": 17, "cm_name": "Dave Scali", "pm_name": "Ray Clift", "sam_url": "http://www.msag.net", "cm_email": "dscali@msag.net", "setasides": [1, 2], "duns_4": "6087409570000", "annual_revenue": 2100000, "name": "Microsystems Automation Group", "cage": "1JDJ9", "sam_expiration_date": "2015-04-07T14:08:41Z", "sam_status": "ACTIVE", "sam_activation_date": "2014-04-16T17:37:52Z", "sam_address": "2785 Hartland Rd ", "sam_exclusion": false, "pm_email": "rclift@msag.net", "pm_phone": "703-538-0807 x 107", "cm_phone": "617-680-2368"}, "model": "vendor.vendor", "pk": 26}, {"fields": {"sam_citystate": "ARLINGTON, VA 22202", "duns": "133239397", "number_of_employees": 40, "cm_name": "Sandesh Sharda", "pm_name": "Sandesh Sharda", "sam_url": "http://www.miraclesystems.net", "cm_email": "ssharda@miraclesystems.net", "setasides": [15, 16], "duns_4": "1332393970000", "annual_revenue": 4500000, "name": "Miracle Systems, LLC", "cage": "8ASY4", "sam_expiration_date": "2015-09-09T11:47:07Z", "sam_status": "ACTIVE", "sam_activation_date": "2014-09-09T12:01:00Z", "sam_address": "1215 South Clark Street, Suite 400 ", "sam_exclusion": false, "pm_email": "ssharda@miraclesystems.net", "pm_phone": "571-331-1355", "cm_phone": "571-331-1355"}, "model": "vendor.vendor", "pk": 27}, {"fields": {"sam_citystate": "FULTON, MD 20759", "duns": "182935002", "number_of_employees": 80, "cm_name": "Krystal L. Brown", "pm_name": "Michael T. Grier", "sam_url": "http://www.mosaicsgroup.com", "cm_email": "contracts@mosaicsgroup.com", "setasides": [1, 15, 16], "duns_4": "1829350020000", "annual_revenue": 5750000, "name": "MOSAIC Technologies Group", "cage": "357X1", "sam_expiration_date": "2015-06-20T07:28:06Z", "sam_status": "ACTIVE", "sam_activation_date": "2014-06-20T07:45:24Z", "sam_address": "8161 MAPLE LAWN BLVD STE 430", "sam_exclusion": false, "pm_email": "mgrier@mosaicsgroup.com", "pm_phone": "301-725-0925 x 701", "cm_phone": "301-725-0925 x 747"}, "model": "vendor.vendor", "pk": 28}, {"fields": {"sam_citystate": "Reston, VA 20190", "duns": "071215037", "number_of_employees": 30, "cm_name": "Jon Cassady", "pm_name": "Manesh Gupta", "sam_url": "http://www.niksoft.com", "cm_email": "oasis@niksoft.com", "setasides": [15, 16], "duns_4": "0712150370000", "annual_revenue": 5351889, "name": "NikSoft", "cage": "3RYX3", "sam_expiration_date": "2015-09-24T13:05:56Z", "sam_status": "ACTIVE", "sam_activation_date": "2014-09-24T13:15:33Z", "sam_address": "1984 Issac Newton Sq W Ste 306A", "sam_exclusion": false, "pm_email": "oasis@niksoft.com", "pm_phone": "703-435-2260", "cm_phone": "703-435-2260 x 203"}, "model": "vendor.vendor", "pk": 29}, {"fields": {"sam_citystate": "Tysons Corner, VA 22182", "duns": "830341645", "number_of_employees": 42, "cm_name": "Jasmine Feeney", "pm_name": "Dan Plourd", "sam_url": "http://www.obxtek.com", "cm_email": "oasis@obxtek.com", "setasides": [1, 2], "duns_4": "8303416450000", "annual_revenue": 3200000, "name": "Obxtek Inc", "cage": "5FBC3", "sam_expiration_date": "2015-05-27T09:56:57Z", "sam_status": "ACTIVE", "sam_activation_date": "2014-05-27T10:15:53Z", "sam_address": "8300 Boone Blvd Ste 800 ", "sam_exclusion": false, "pm_email": "DPlourd@obxtek.com", "pm_phone": "703-638-0841", "cm_phone": "571-395-4542"}, "model": "vendor.vendor", "pk": 30}, {"fields": {"sam_citystate": "Bethesda, MD 20814", "duns": "017433348", "number_of_employees": 43, "cm_name": "Dhavidson Cayanan", "pm_name": "Patricia Palmer", "sam_url": "http://www.panum.com", "cm_email": "dhavid.cayanan@panum.com", "setasides": [3, 15, 16], "duns_4": "0174333480000", "annual_revenue": 4066680, "name": "Panum Telecom", "cage": "35EU5", "sam_expiration_date": "2015-04-17T10:32:40Z", "sam_status": "ACTIVE", "sam_activation_date": "2014-04-21T13:05:34Z", "sam_address": "7315 Wisconsin Ave 800 W ", "sam_exclusion": false, "pm_email": "Patsy.palmer@panum.com", "pm_phone": "301-470-2683", "cm_phone": "571-329-7991"}, "model": "vendor.vendor", "pk": 31}, {"fields": {"sam_citystate": "Huntington Beach, CA 92648", "duns": "062756759", "number_of_employees": 9, "cm_name": "Vic Trunzo", "pm_name": "Diane Mentzer", "sam_url": "www.performexcel.com", "cm_email": "vtrunzo@performexcel.com", "setasides": [3, 15], "duns_4": "0627567590000", "annual_revenue": 1313949, "name": "Performance Excellence Partners", "cage": "3GCN4", "sam_expiration_date": "2015-04-23T15:20:30Z", "sam_status": "ACTIVE", "sam_activation_date": "2014-04-23T15:39:47Z", "sam_address": "2134 Main St Ste 220 ", "sam_exclusion": false, "pm_email": "dmentzer@performexcel.com", "pm_phone": "301-873-4009", "cm_phone": "202-257-4730"}, "model": "vendor.vendor", "pk": 32}, {"fields": {"sam_citystate": "ALEXANDRIA, VA 22314", "duns": "809019180", "number_of_employees": 14, "cm_name": "Jeff Sopko", "pm_name": "Jeff Sopko", "sam_url": null, "cm_email": "jeffsopko@potomacwave.com", "setasides": [3], "duns_4": "8090191800000", "annual_revenue": 2185660, "name": "PotomacWave Consulting", "cage": "4YAG9", "sam_expiration_date": "2015-02-20T12:46:52Z", "sam_status": "ACTIVE", "sam_activation_date": "2014-02-20T13:00:14Z", "sam_address": "214 PRINCE ST ", "sam_exclusion": false, "pm_email": "jeffsopko@potomacwave.com", "pm_phone": "703-623-5166", "cm_phone": "703-623-5166"}, "model": "vendor.vendor", "pk": 33}, {"fields": {"sam_citystate": "LEXINGTON, MA 02421", "duns": "057644887", "number_of_employees": 95, "cm_name": "Robert H. Materna", "pm_name": "Bob Paradiso", "sam_url": "http://www.quantechserv.com", "cm_email": "Quantech-C-OASIS@quantechserv.com", "setasides": [], "duns_4": "0576448870000", "annual_revenue": 7547520, "name": "Quantech Services, Inc.", "cage": "1KKR5", "sam_expiration_date": "2015-09-26T08:44:40Z", "sam_status": "ACTIVE", "sam_activation_date": "2014-09-26T09:00:28Z", "sam_address": "91 HARTWELL AVE 3RD FL", "sam_exclusion": false, "pm_email": "Quantech-C-OASIS@quantechserv.com", "pm_phone": "781-457-0308", "cm_phone": "781-457-0330"}, "model": "vendor.vendor", "pk": 34}, {"fields": {"sam_citystate": "JESSUP, MD 20794", "duns": "101456903", "number_of_employees": 0, "cm_name": "James Liang", "pm_name": "James Liang", "sam_url": null, "cm_email": "info@ruchman.com", "setasides": [], "duns_4": "1014569030000", "annual_revenue": 0, "name": "Ruchman and Assoc", "cage": "1JS86", "sam_expiration_date": "2014-10-18T17:43:00Z", "sam_status": "ACTIVE", "sam_activation_date": "2013-10-18T18:30:03Z", "sam_address": "8221 PRESTON CT", "sam_exclusion": false, "pm_email": "info@ruchman.com", "pm_phone": "301-776-5000", "cm_phone": "301-776-5000"}, "model": "vendor.vendor", "pk": 35}, {"fields": {"sam_citystate": "Beavercreek, OH 45430", "duns": "020345075", "number_of_employees": 11, "cm_name": "Connie Sawdey", "pm_name": "Beth Czanik", "sam_url": "http://www.sawdeysolutionservices.com", "cm_email": "oasis@sawdeysolutionservices.com", "setasides": [1, 2, 3, 15], "duns_4": "0203450750000", "annual_revenue": 452540, "name": "Sawdey Solution Services", "cage": "1TWX6", "sam_expiration_date": "2015-01-16T11:36:08Z", "sam_status": "ACTIVE", "sam_activation_date": "2014-01-16T12:00:14Z", "sam_address": "1430 Oak Ct Ste 304 ", "sam_exclusion": false, "pm_email": "oasis@sawdeysolutionservices.com", "pm_phone": "937-490-4060", "cm_phone": "937-490-4060"}, "model": "vendor.vendor", "pk": 36}, {"fields": {"sam_citystate": "FAIRBORN, OH 45324", "duns": "003592412", "number_of_employees": 30, "cm_name": "Charles A. Colon,  III", "pm_name": "Charles A. Colon,  III", "sam_url": "http://www.sti-tec.com", "cm_email": "Charles.colon@sti-tec.com", "setasides": [15, 16], "duns_4": "0035924120000", "annual_revenue": 1671000, "name": "Solutions Through Innovative Technologies Inc (STI)", "cage": "3EMZ0", "sam_expiration_date": "2015-10-01T16:12:10Z", "sam_status": "ACTIVE", "sam_activation_date": "2014-10-01T16:25:01Z", "sam_address": "3152 PRESIDENTIAL DR ", "sam_exclusion": false, "pm_email": "Charles.colon@sti-tec.com", "pm_phone": "937-431-0000", "cm_phone": "937-431-0000"}, "model": "vendor.vendor", "pk": 37}, {"fields": {"sam_citystate": "OXNARD, CA 93033", "duns": "015958325", "number_of_employees": 0, "cm_name": "Earnie Leonard", "pm_name": "Mark Cardenas", "sam_url": "http://www.synecsolu.com", "cm_email": "OASISSB@synecticsolutions.com", "setasides": [3], "duns_4": "0159583250000", "annual_revenue": 0, "name": "Synetic Solutions", "cage": "09WL9", "sam_expiration_date": "2015-05-22T19:58:45Z", "sam_status": "ACTIVE", "sam_activation_date": "2014-05-22T20:15:10Z", "sam_address": "1701 PACIFIC AVE STE #260", "sam_exclusion": false, "pm_email": "mcardenas@synecticsolutions.com", "pm_phone": "858-271-4750", "cm_phone": "805-483-4800 x 101"}, "model": "vendor.vendor", "pk": 38}, {"fields": {"sam_citystate": "Rockville, MD 20850", "duns": "611196890", "number_of_employees": 110, "cm_name": "Kevin Zhang", "pm_name": "Lin Sai", "sam_url": "http://www.sysplus.com/", "cm_email": "contract@sysplus.com", "setasides": [], "duns_4": "6111968900000", "annual_revenue": 7100000, "name": "Systems Plus Inc", "cage": "0P8J0", "sam_expiration_date": "2015-08-26T11:01:48Z", "sam_status": "ACTIVE", "sam_activation_date": "2014-08-26T11:15:13Z", "sam_address": "One Research Ct Ste 360 ", "sam_exclusion": false, "pm_email": "Lin.Sai2@sysplus.com", "pm_phone": "301-948-4232", "cm_phone": "301-948-4232"}, "model": "vendor.vendor", "pk": 39}, {"fields": {"sam_citystate": "SAN DIEGO, CA 92110", "duns": "600985738", "number_of_employees": 20, "cm_name": "Debra West", "pm_name": "Eric Cross", "sam_url": "http://www.T3W.com", "cm_email": "dwest@t3w.com", "setasides": [3, 15, 16], "duns_4": "6009857380000", "annual_revenue": 2100000, "name": "T3W Business Solutions,", "cage": "42HP2", "sam_expiration_date": "2015-04-15T01:17:55Z", "sam_status": "ACTIVE", "sam_activation_date": "2014-04-16T17:00:40Z", "sam_address": "3921 Ampudia St ", "sam_exclusion": false, "pm_email": "ecross@t3w.com", "pm_phone": "619-298-0888", "cm_phone": "619-298-0888"}, "model": "vendor.vendor", "pk": 40}, {"fields": {"sam_citystate": "ALEXANDRIA, VA 22311", "duns": "039872622", "number_of_employees": 62, "cm_name": "Lydia Theunissen", "pm_name": "Robert (Bob) McCambridge", "sam_url": "http://www.addxcorp.com", "cm_email": "ltheunissen@addxcorp.com", "setasides": [1, 2], "duns_4": "0398726220000", "annual_revenue": 16534185, "name": "Addx Corp.", "cage": "1XPA3", "sam_expiration_date": "2015-04-15T10:52:39Z", "sam_status": "ACTIVE", "sam_activation_date": "2014-04-17T07:30:43Z", "sam_address": "4900 SEMINARY RD STE 570", "sam_exclusion": false, "pm_email": "bmccambridge@addx.corp.com", "pm_phone": "703-933-7637 x 265", "cm_phone": "571-451-0300"}, "model": "vendor.vendor", "pk": 41}, {"fields": {"sam_citystate": "Arlington, VA 22203", "duns": "142428783", "number_of_employees": 65, "cm_name": "Geoffrey McDermott", "pm_name": "Michael Duffy", "sam_url": "http://www.drtstrategies.com", "cm_email": "gmcdermott@drtstrategies.com", "setasides": [3, 15, 16], "duns_4": "1424287830000", "annual_revenue": 7000000, "name": "DRT Strategies", "cage": "3PZT2", "sam_expiration_date": "2015-08-27T07:22:26Z", "sam_status": "ACTIVE", "sam_activation_date": "2014-08-27T08:12:26Z", "sam_address": "4245 North Fairfax Dr Ste 800", "sam_exclusion": false, "pm_email": "mduffy@drtstrategies.com", "pm_phone": "571-482-2510", "cm_phone": "571-482-2502"}, "model": "vendor.vendor", "pk": 42}, {"fields": {"sam_citystate": "ARLINGTON, VA 22209", "duns": "126150056", "number_of_employees": 18, "cm_name": "Allison Kirsch", "pm_name": "Derek Davison", "sam_url": null, "cm_email": "kirsch@ficonsulting.com", "setasides": [], "duns_4": "1261500560000", "annual_revenue": 2500000, "name": "FI Consulting", "cage": "4MEL7", "sam_expiration_date": "2015-01-08T09:29:45Z", "sam_status": "ACTIVE", "sam_activation_date": "2014-01-08T09:45:14Z", "sam_address": "1101 WILSON BLVD STE 1810", "sam_exclusion": false, "pm_email": "davison@ficonsulting.com", "pm_phone": "571-255-6762", "cm_phone": "571-255-6771"}, "model": "vendor.vendor", "pk": 43}, {"fields": {"sam_citystate": "WASHINGTON, DC 20006", "duns": "825487130", "number_of_employees": 10, "cm_name": "Nazim Hamilton", "pm_name": "Nazim Hamilton", "sam_url": "http://www.usfti.com", "cm_email": "nazim.hamilton@usfti.com", "setasides": [15, 16], "duns_4": "8254871300000", "annual_revenue": 265000, "name": "Hamilton Enterprises", "cage": "52DB6", "sam_expiration_date": "2015-03-06T10:49:35Z", "sam_status": "ACTIVE", "sam_activation_date": "2014-03-06T11:30:02Z", "sam_address": "1629 K ST NW STE 300", "sam_exclusion": false, "pm_email": "nazim.hamilton@usfti.com", "pm_phone": "202-204-2238", "cm_phone": "202-204-2238"}, "model": "vendor.vendor", "pk": 44}, {"fields": {"sam_citystate": "Tampa, FL 33614", "duns": "118498067", "number_of_employees": 55, "cm_name": "Anthony Darveaux", "pm_name": "Billy Hogan", "sam_url": "http://www.ac4s.com", "cm_email": "Anthony.darveaux@ac4s.com", "setasides": [1, 15], "duns_4": "1184980670000", "annual_revenue": 4000000, "name": "Advanced C4 Solutions, Inc. (AC4S)", "cage": "3BEH8", "sam_expiration_date": "2015-07-17T11:03:32Z", "sam_status": "ACTIVE", "sam_activation_date": "2014-07-17T11:37:03Z", "sam_address": "4017 W Martin Luther King Jr Blvd ", "sam_exclusion": false, "pm_email": "william.hogan@ac4s.com", "pm_phone": "813-983-7445", "cm_phone": "813-983-7463"}, "model": "vendor.vendor", "pk": 45}, {"fields": {"sam_citystate": "HAMPTON, VA 23666", "duns": "119069052", "number_of_employees": 190, "cm_name": "Dr. G. Balasubramanian", "pm_name": "Dr. Jalaiah Unnam", "sam_url": "HTTP://WWW.ASM-USA.COM", "cm_email": "bala@asm-usa.com", "setasides": [3, 15], "duns_4": "1190690520000", "annual_revenue": 15000000, "name": "Analytical Services and Materials Inc.", "cage": "3Y798", "sam_expiration_date": "2015-08-07T14:46:36Z", "sam_status": "ACTIVE", "sam_activation_date": "2014-08-07T15:37:42Z", "sam_address": "107 RESEARCH DR", "sam_exclusion": false, "pm_email": "junnam@asm-usa.com", "pm_phone": "757-865-7093 x 306", "cm_phone": "757-865-7093 x 311"}, "model": "vendor.vendor", "pk": 46}, {"fields": {"sam_citystate": "Huntsville, AL 35805", "duns": "791195167", "number_of_employees": 0, "cm_name": "Rebecca Merrill", "pm_name": "Clark Kilgore", "sam_url": "www.aptresearch.com", "cm_email": "\u00a0contracts@apt-research.com", "setasides": [], "duns_4": "7911951670000", "annual_revenue": 0, "name": "A-P-T Research Inc", "cage": "0S289", "sam_expiration_date": "2015-08-05T17:42:14Z", "sam_status": "ACTIVE", "sam_activation_date": "2014-08-05T18:00:15Z", "sam_address": "4950 Research Dr", "sam_exclusion": false, "pm_email": "\u00a0OASIS@apt-research.com", "pm_phone": "256-327-3382", "cm_phone": "256-327-4015"}, "model": "vendor.vendor", "pk": 47}, {"fields": {"sam_citystate": "NORFOLK, VA 23513", "duns": "048870724", "number_of_employees": 40, "cm_name": "Tina Ridgeway", "pm_name": "Jim Biskaduros", "sam_url": "http://www.act-corp.com", "cm_email": "tridgeway@act-corp.com", "setasides": [3], "duns_4": "0488707240000", "annual_revenue": 4350156, "name": "Atlantic CommTech Corporation", "cage": "1J0V2", "sam_expiration_date": "2015-07-11T11:58:16Z", "sam_status": "ACTIVE", "sam_activation_date": "2014-07-11T12:15:12Z", "sam_address": "2509 WALMER AVE", "sam_exclusion": false, "pm_email": "oasis@act-corp.com", "pm_phone": "703-867-1364", "cm_phone": "757-858-5303 x 204"}, "model": "vendor.vendor", "pk": 48}, {"fields": {"sam_citystate": "North Charleston, SC 29406", "duns": "799980859", "number_of_employees": 0, "cm_name": "Richard Hayes", "pm_name": "Gary Jaffe", "sam_url": "https://www.atlas-tech.com", "cm_email": "Atlas-contracts@atlas-tech.com", "setasides": [1], "duns_4": "7999808590000", "annual_revenue": 0, "name": "ATLAS TECHNOLOGIES, INC.", "cage": "1B7M7", "sam_expiration_date": "2015-09-26T08:09:30Z", "sam_status": "ACTIVE", "sam_activation_date": "2014-09-26T08:15:05Z", "sam_address": "5416 A Rivers Ave Ste 105", "sam_exclusion": false, "pm_email": "Atlas-contracts@atlas-tech.com", "pm_phone": "843-725-2285", "cm_phone": "843-725-2270"}, "model": "vendor.vendor", "pk": 49}, {"fields": {"sam_citystate": "HUNTSVILLE, AL 35805", "duns": "804859841", "number_of_employees": 0, "cm_name": "Kim Taylor", "pm_name": "Jeff Blackmon", "sam_url": "http://www.avionsolutions.com", "cm_email": "kim.taylor@avioninc.com", "setasides": [], "duns_4": "8048598410000", "annual_revenue": 0, "name": "Avion", "cage": "1BFU7", "sam_expiration_date": "2015-07-16T08:53:27Z", "sam_status": "ACTIVE", "sam_activation_date": "2014-07-16T09:00:12Z", "sam_address": "4905 RESEARCH DR", "sam_exclusion": false, "pm_email": "jeff.blackmon@avioninc.com", "pm_phone": "256-327-7152", "cm_phone": "256-327-7133"}, "model": "vendor.vendor", "pk": 50}, {"fields": {"sam_citystate": "Rockville, MD 20850", "duns": "196004394", "number_of_employees": 175, "cm_name": "Daniel Nielsen", "pm_name": "James Bauer", "sam_url": "http://www.caelum.com", "cm_email": "OASIS-SB@caelum.com", "setasides": [3, 15], "duns_4": "1960043940000", "annual_revenue": 12016670, "name": "Caelum Research Corp", "cage": "0DLL1", "sam_expiration_date": "2015-09-05T14:21:10Z", "sam_status": "ACTIVE", "sam_activation_date": "2014-09-05T14:31:46Z", "sam_address": "30 W Gude Dr Ste 200 ", "sam_exclusion": false, "pm_email": "OASIS-SB@caelum.com", "pm_phone": "301-424-8025 x 315", "cm_phone": "301-424-8205 x 311"}, "model": "vendor.vendor", "pk": 51}, {"fields": {"sam_citystate": "Mechanicsburg, PA 17055", "duns": "130196814", "number_of_employees": 56, "cm_name": "Kim Knudson", "pm_name": "David Hickey", "sam_url": "http://www.csaassociates.com", "cm_email": "CSA-GSA-OASIS@csaassociates.com", "setasides": [1, 2, 15, 16], "duns_4": "1301968140000", "annual_revenue": 7488352, "name": "Client Solution Architects (CSA)", "cage": "3ESN1", "sam_expiration_date": "2015-04-21T15:05:16Z", "sam_status": "ACTIVE", "sam_activation_date": "2014-04-21T15:16:31Z", "sam_address": "112 Chiltern Way ", "sam_exclusion": false, "pm_email": "CSA-GSA-OASIS@csaassociates.com", "pm_phone": "703-582-5074", "cm_phone": "717-756-3598"}, "model": "vendor.vendor", "pk": 52}, {"fields": {"sam_citystate": "LANHAM, MD 20706", "duns": "102061012", "number_of_employees": 9, "cm_name": "Christopher Holtery", "pm_name": "Christopher (Chris) Stone", "sam_url": "http://www.cse-corp.com", "cm_email": "chris.holtery@cse-corp.com", "setasides": [16], "duns_4": "1020610120000", "annual_revenue": 511519, "name": "Constellation Software Engineering Corporation", "cage": "1XJD6", "sam_expiration_date": "2015-09-12T20:24:35Z", "sam_status": "ACTIVE", "sam_activation_date": "2014-09-15T07:01:11Z", "sam_address": "4640 FORBES BLVD STE 201", "sam_exclusion": false, "pm_email": "chris.stone@cse-corp.com", "pm_phone": "410-231-6023", "cm_phone": "301-459-8880 x 1011"}, "model": "vendor.vendor", "pk": 53}, {"fields": {"sam_citystate": "MC LEAN, VA 22102", "duns": "081093775", "number_of_employees": 0, "cm_name": "Theodore (Ted) J. Thanos", "pm_name": "Robert (Bob) W. Fritz", "sam_url": "http://www.ddlomni.com", "cm_email": "Ted.thanos@ddlomni.com", "setasides": [], "duns_4": "0810937750000", "annual_revenue": 0, "name": "DDL Omni Engineering", "cage": "078S2", "sam_expiration_date": "2014-12-05T13:42:22Z", "sam_status": "ACTIVE", "sam_activation_date": "2013-12-05T14:01:45Z", "sam_address": "8260 GREENSBORO DR STE 600", "sam_exclusion": false, "pm_email": "Bob.Fritz@ddlomni.com", "pm_phone": "703 918-4323", "cm_phone": "703 918-4336"}, "model": "vendor.vendor", "pk": 54}, {"fields": {"sam_citystate": "San Diego, CA 92108", "duns": "038344953", "number_of_employees": 40, "cm_name": "Waddy Stephenson", "pm_name": "Richard Haas", "sam_url": "http://www.forwardslope.com", "cm_email": "wstephenson@forwardslope.com", "setasides": [], "duns_4": "0383449530000", "annual_revenue": 4000000, "name": "Forward Slope Inc", "cage": "1KU93", "sam_expiration_date": "2015-09-05T14:27:19Z", "sam_status": "ACTIVE", "sam_activation_date": "2014-09-05T14:45:53Z", "sam_address": "2020 Camino Del Rio N Ste 400", "sam_exclusion": false, "pm_email": "rhaas@forwardslope.com", "pm_phone": "619-780-0171", "cm_phone": "619-780-0157"}, "model": "vendor.vendor", "pk": 55}, {"fields": {"sam_citystate": "WOODBRIDGE, VA 22193", "duns": "878896687", "number_of_employees": 37, "cm_name": "June Adams", "pm_name": "Shakil Qureshi", "sam_url": "http://www.futroninc.com", "cm_email": "oasis@futroninc.com", "setasides": [], "duns_4": "8788966870000", "annual_revenue": 11643225, "name": "Futron", "cage": "062H2", "sam_expiration_date": "2015-03-07T10:49:35Z", "sam_status": "ACTIVE", "sam_activation_date": "2014-03-07T11:00:30Z", "sam_address": "14073 CROWN CT", "sam_exclusion": false, "pm_email": "oasis@futroninc.com", "pm_phone": "571-402-3202", "cm_phone": "571-402-3211"}, "model": "vendor.vendor", "pk": 56}, {"fields": {"sam_citystate": "Morgantown, WV 26505", "duns": "054303180", "number_of_employees": 0, "cm_name": "Michele Smith", "pm_name": "Jim Dieterle", "sam_url": "http://www.keylogic.com", "cm_email": "msmith@keylogic.com", "setasides": [], "duns_4": "0543031800000", "annual_revenue": 0, "name": "Key Logic Systems", "cage": "1KWG7", "sam_expiration_date": "2015-06-30T09:31:14Z", "sam_status": "ACTIVE", "sam_activation_date": "2014-06-30T09:45:24Z", "sam_address": "3168 Collins Ferry Rd ", "sam_exclusion": false, "pm_email": "jdieterle@keylogic.com", "pm_phone": "703-429-4831", "cm_phone": "443-539-9062"}, "model": "vendor.vendor", "pk": 57}, {"fields": {"sam_citystate": "Springfield, VA 22151", "duns": "137768482", "number_of_employees": 51, "cm_name": "Rebecca (Becky) D. Ridenour", "pm_name": "Scot Merrihew", "sam_url": "http://www.kihomac.com", "cm_email": "becky.ridenour@kihomac.com", "setasides": [1, 15, 16], "duns_4": "1377684820000", "annual_revenue": 4400000, "name": "Kihomac", "cage": "3L2L3", "sam_expiration_date": "2015-05-22T08:58:36Z", "sam_status": "ACTIVE", "sam_activation_date": "2014-05-22T09:15:05Z", "sam_address": "5501 Backlick Rd, Ste. 200 ", "sam_exclusion": false, "pm_email": "scot.merrihew@kihomac.com", "pm_phone": "801-593-5400 x 121", "cm_phone": "937-429-7744 x 111"}, "model": "vendor.vendor", "pk": 58}, {"fields": {"sam_citystate": "Oklahoma City, OK 73135", "duns": "046657412", "number_of_employees": 170, "cm_name": "Vicky Hilton", "pm_name": "Diana Petross", "sam_url": "http://lcibest.com", "cm_email": "contract.administration@lcibest.com", "setasides": [1, 2], "duns_4": "0466574120000", "annual_revenue": 19463466, "name": "Leader Commumincations, Inc.", "cage": "1J7E8", "sam_expiration_date": "2015-01-13T15:54:22Z", "sam_status": "ACTIVE", "sam_activation_date": "2014-01-13T16:15:49Z", "sam_address": "6421 S Air Depot Blvd Ste A ", "sam_exclusion": false, "pm_email": "OASISPMO@lcibest.com", "pm_phone": "405-622-2200 x 106", "cm_phone": "405-622-2200"}, "model": "vendor.vendor", "pk": 59}, {"fields": {"sam_citystate": "EL PASO, TX 79925", "duns": "074334264", "number_of_employees": 0, "cm_name": "Michelle Rosalez", "pm_name": "Ernest Osborn", "sam_url": "HTTP://WWW.METICORP.COM", "cm_email": "contracts@meticorp.com", "setasides": [15], "duns_4": "0743342640000", "annual_revenue": 0, "name": "Managment and Engineering Technologies (METI)", "cage": "1LX23", "sam_expiration_date": "2015-04-16T11:31:55Z", "sam_status": "ACTIVE", "sam_activation_date": "2014-04-16T11:45:17Z", "sam_address": "8600 BOEING DR", "sam_exclusion": false, "pm_email": "bd@meticorp.com", "pm_phone": "937-256-9464", "cm_phone": "915-772-4975"}, "model": "vendor.vendor", "pk": 60}, {"fields": {"sam_citystate": "Mount Pleasant, SC 29464", "duns": "872942706", "number_of_employees": 105, "cm_name": "Karl P. Farber", "pm_name": "Charles Grabenstein", "sam_url": "http://www.orbisinc.net", "cm_email": "kfarber1@orbisinc.net", "setasides": [1], "duns_4": "8729427060000", "annual_revenue": 16850000, "name": "Orbis Sibro", "cage": "1SEL4", "sam_expiration_date": "2015-05-20T14:39:36Z", "sam_status": "ACTIVE", "sam_activation_date": "2014-05-20T15:01:59Z", "sam_address": "268 W Coleman Blvd Ste 2A", "sam_exclusion": false, "pm_email": "charliegrabenstein@orbisinc.net", "pm_phone": "202-548-3110 x 346", "cm_phone": "843-971-9390 x 226"}, "model": "vendor.vendor", "pk": 61}, {"fields": {"sam_citystate": "ALEXANDRIA, VA 22314", "duns": "016658080", "number_of_employees": 42, "cm_name": "Bob Urban", "pm_name": "Thomas Hudon", "sam_url": "http://www.pccii.com", "cm_email": "burban@pccii.com", "setasides": [], "duns_4": "0166580800000", "annual_revenue": 17500000, "name": "PCCI", "cage": "3Y970", "sam_expiration_date": "2015-09-18T14:07:35Z", "sam_status": "ACTIVE", "sam_activation_date": "2014-09-18T14:15:59Z", "sam_address": "300 N LEE ST STE 201", "sam_exclusion": false, "pm_email": "thudon@pccii.com", "pm_phone": "703-229-1110", "cm_phone": "703-229-1102"}, "model": "vendor.vendor", "pk": 62}, {"fields": {"sam_citystate": "FAIRBORN, OH 45324", "duns": "132729877", "number_of_employees": 40, "cm_name": "Chrissy Hardin", "pm_name": "Julie Jones", "sam_url": "http://www.epeerless.com", "cm_email": "OASIS-Contracts@epeerless.com", "setasides": [15, 16], "duns_4": "1327298770000", "annual_revenue": 5000000, "name": "Peerless Technologies", "cage": "1PST8", "sam_expiration_date": "2015-06-27T11:56:37Z", "sam_status": "ACTIVE", "sam_activation_date": "2014-06-27T12:15:59Z", "sam_address": "2300 NATIONAL RD", "sam_exclusion": false, "pm_email": "OASIS-Contracts@epeerless.com", "pm_phone": "937-490-5012", "cm_phone": "937-490-5006"}, "model": "vendor.vendor", "pk": 63}, {"fields": {"sam_citystate": "HUNTSVILLE, AL 35806", "duns": "618564116", "number_of_employees": 0, "cm_name": "Elaine D. Jones", "pm_name": "James (Jim) A. Roy", "sam_url": "HTTP://WWW.QUANTITECH.COM", "cm_email": "OASISSB@quantitech.com", "setasides": [3], "duns_4": "6185641160000", "annual_revenue": 0, "name": "Quantitech", "cage": "0S9B5", "sam_expiration_date": "2015-04-16T16:36:23Z", "sam_status": "ACTIVE", "sam_activation_date": "2014-04-16T17:00:27Z", "sam_address": "7027 OLD MADISON PIKE NW STE 106", "sam_exclusion": false, "pm_email": "OASISSB@quantitech.com", "pm_phone": "256-714-1111", "cm_phone": "256-799-0669"}, "model": "vendor.vendor", "pk": 64}, {"fields": {"sam_citystate": "HUMBLE, TX 77338", "duns": "169401895", "number_of_employees": 145, "cm_name": "Eduardo (Ed) Cardenas", "pm_name": "Charles (Chuck) Muizers", "sam_url": "http://www.skyllaeng.com", "cm_email": "cardenase@skyllaeng.com", "setasides": [1, 2, 15, 16], "duns_4": "1694018950000", "annual_revenue": 7558000, "name": "Skylla Engineering Ltd.", "cage": "32ZH5", "sam_expiration_date": "2015-09-11T15:13:02Z", "sam_status": "ACTIVE", "sam_activation_date": "2014-09-11T15:30:26Z", "sam_address": "316 E MAIN ST STE H", "sam_exclusion": false, "pm_email": "muizersc@skyllaeng.com", "pm_phone": "832-474-0026", "cm_phone": "281-787-7643"}, "model": "vendor.vendor", "pk": 65}, {"fields": {"sam_citystate": null, "duns": "074418872", "number_of_employees": 0, "cm_name": "Shellie Bowles", "pm_name": "Kent Ek", "sam_url": null, "cm_email": "sbowles@teamscci.com", "setasides": [], "duns_4": "0744188720000", "annual_revenue": 0, "name": "Southeastern Computer Consultants (SCCI)", "cage": null, "sam_expiration_date": null, "sam_status": null, "sam_activation_date": null, "sam_address": null, "sam_exclusion": null, "pm_email": "kek@teamscci.com", "pm_phone": "512-600-9437", "cm_phone": "301-695-5311"}, "model": "vendor.vendor", "pk": 66}, {"fields": {"sam_citystate": "ARLINGTON, VA 22202", "duns": "185057460", "number_of_employees": 0, "cm_name": "Steven H. Willenbucher", "pm_name": "MaryAnn Hoadley", "sam_url": "HTTP://WWW.SUBSYSTEM.COM", "cm_email": "\u00a0oasis@subsystem.com", "setasides": [], "duns_4": "1850574600000", "annual_revenue": 0, "name": "Subsystem Technologies", "cage": "0DP19", "sam_expiration_date": "2015-09-29T10:25:18Z", "sam_status": "ACTIVE", "sam_activation_date": "2014-09-29T10:34:58Z", "sam_address": "2121 CRYSTAL DR STE 680", "sam_exclusion": false, "pm_email": "\u00a0oasis@subsystem.com", "pm_phone": "703-504-9817", "cm_phone": "703-504-9794"}, "model": "vendor.vendor", "pk": 67}, {"fields": {"sam_citystate": "DANVERS, MA 01923", "duns": "146389622", "number_of_employees": 0, "cm_name": "Franklin (Frank) H. Inman, Jr.", "pm_name": "Donald Kurtz", "sam_url": "http://www.sumaria.com", "cm_email": "OASIS-LB@Sumaria.com", "setasides": [], "duns_4": "1463896220000", "annual_revenue": 0, "name": "Sumaria Systems, Inc.", "cage": "1DV75", "sam_expiration_date": "2015-04-15T13:07:20Z", "sam_status": "ACTIVE", "sam_activation_date": "2014-04-15T13:30:42Z", "sam_address": "99 ROSEWOOD DR STE 140", "sam_exclusion": false, "pm_email": "OASIS-LB@Sumaria.com", "pm_phone": "937-429-6070 x 106", "cm_phone": "978-739-4200 x 1117"}, "model": "vendor.vendor", "pk": 68}, {"fields": {"sam_citystate": "MELBOURNE, FL 32901", "duns": "068013796", "number_of_employees": 0, "cm_name": "John B. Hamilton", "pm_name": "Mike Reynolds", "sam_url": null, "cm_email": "jhamilton@ssai.org", "setasides": [], "duns_4": "0680137960000", "annual_revenue": 0, "name": "Support Systems Associates", "cage": "60877", "sam_expiration_date": "2015-04-01T14:00:48Z", "sam_status": "ACTIVE", "sam_activation_date": "2014-04-01T14:15:16Z", "sam_address": "709 S HARBOR CITY BLVD STE 350", "sam_exclusion": false, "pm_email": "mreynolds@ssai.org", "pm_phone": "478-922-9987", "cm_phone": "321-724-5566 x 1297"}, "model": "vendor.vendor", "pk": 69}, {"fields": {"sam_citystate": "FAIRFAX, VA 22030", "duns": "167251011", "number_of_employees": 100, "cm_name": "Lucy R. Aguinaldo", "pm_name": "R. Lee Plumb", "sam_url": "http://www.triumph-enterprises.com", "cm_email": "Lucy.aguinaldo@triumph-enterprises.com", "setasides": [1, 2, 15, 16], "duns_4": "1672510110000", "annual_revenue": 12944532, "name": "Triumph Enterprises", "cage": "357V4", "sam_expiration_date": "2015-09-18T20:40:31Z", "sam_status": "ACTIVE", "sam_activation_date": "2014-09-18T21:00:08Z", "sam_address": "11325 RANDOM HILLS RD STE 340", "sam_exclusion": false, "pm_email": "Lee.Plumb@Triumph-Enterprises.com", "pm_phone": "703-563-4401", "cm_phone": "703-563-4402"}, "model": "vendor.vendor", "pk": 70}, {"fields": {"sam_citystate": "ELIZABETH CITY, NC 27909", "duns": "110994303", "number_of_employees": 130, "cm_name": "Jane Ann Hejmanowski", "pm_name": "Bob Burnett", "sam_url": "http://www.vectorcsp.com", "cm_email": "jahejmanowski@vectorcsp.com", "setasides": [], "duns_4": "1109943030000", "annual_revenue": 12000000, "name": "Vector CSP LLC", "cage": "3CWE7", "sam_expiration_date": "2015-09-16T11:26:51Z", "sam_status": "ACTIVE", "sam_activation_date": "2014-09-16T11:35:16Z", "sam_address": "405 E MAIN ST", "sam_exclusion": false, "pm_email": "Bob.burnett@vectorcsp.com", "pm_phone": "410-768-5494", "cm_phone": "252-338-2264"}, "model": "vendor.vendor", "pk": 71}, {"fields": {"sam_citystate": "San Antonio, TX 78216", "duns": "044271547", "number_of_employees": 55, "cm_name": "Kay Zdon", "pm_name": "Robert Trevino", "sam_url": "http://www.x-technologies.com", "cm_email": "oasissb-xti@x-technologies.com\u00a0\u00a0", "setasides": [15], "duns_4": "0442715470000", "annual_revenue": 4900000, "name": "X Technologies Inc", "cage": "1JDN2", "sam_expiration_date": "2015-06-26T11:09:23Z", "sam_status": "ACTIVE", "sam_activation_date": "2014-06-26T11:45:22Z", "sam_address": "100 Sandau Ste 300", "sam_exclusion": false, "pm_email": "oasissb-xti@x-technologies.com\u00a0\u00a0", "pm_phone": "210-822-8712 x 6028", "cm_phone": "210-822-8712 x 6013"}, "model": "vendor.vendor", "pk": 72}, {"fields": {"sam_citystate": "HAMPTON, VA 23669", "duns": "825732993", "number_of_employees": 0, "cm_name": "Susan Hughes", "pm_name": "Chuck Mitchell", "sam_url": "http://www.zeltech.com", "cm_email": "susan.hughes@zeltech.com", "setasides": [1], "duns_4": "8257329930000", "annual_revenue": 0, "name": "Zel Technologies", "cage": "0NPX4", "sam_expiration_date": "2015-09-23T16:38:44Z", "sam_status": "ACTIVE", "sam_activation_date": "2014-09-23T17:01:02Z", "sam_address": "54 OLD HAMPTON LN", "sam_exclusion": false, "pm_email": "\u00a0oasis@zeltech.com", "pm_phone": "757-325-1270", "cm_phone": "757-325-1331"}, "model": "vendor.vendor", "pk": 73}, {"fields": {"sam_citystate": "HUNTSVILLE, AL 35806", "duns": "625694500", "number_of_employees": 0, "cm_name": "Yvonne Brennan", "pm_name": "Jay Vaughan", "sam_url": "http://www.aegistg.com", "cm_email": "ybrennan@aegistg.com", "setasides": [], "duns_4": "6256945000000", "annual_revenue": 0, "name": "AEgis Technologies Group", "cage": "0EXA1", "sam_expiration_date": "2015-07-23T09:12:25Z", "sam_status": "ACTIVE", "sam_activation_date": "2014-07-23T09:30:05Z", "sam_address": "410 JAN DAVIS DR NW", "sam_exclusion": false, "pm_email": "jvaughan@aegistg.com", "pm_phone": "256-922-0802", "cm_phone": "256-922-0802"}, "model": "vendor.vendor", "pk": 74}, {"fields": {"sam_citystate": "Beltsville, MD 20705", "duns": "968706106", "number_of_employees": 82, "cm_name": null, "pm_name": null, "sam_url": "http://www.ascs-corp.com", "cm_email": null, "setasides": [15], "duns_4": "9687061060000", "annual_revenue": 2259448, "name": "Arctic Slope Technical Services, Inc.", "cage": "6HBK6", "sam_expiration_date": "2015-06-11T17:24:31Z", "sam_status": "ACTIVE", "sam_activation_date": "2014-06-11T17:45:21Z", "sam_address": "7000 Muirkirk Meadows Dr ", "sam_exclusion": false, "pm_email": null, "pm_phone": null, "cm_phone": null}, "model": "vendor.vendor", "pk": 75}, {"fields": {"sam_citystate": "Carlisle, MA 01741", "duns": "069338820", "number_of_employees": 0, "cm_name": "Maurice (Mo) Turcotte", "pm_name": "Frank Magnuson", "sam_url": "http://www.assurtech.com/", "cm_email": "turcotte@assurtech.com", "setasides": [], "duns_4": "0693388200000", "annual_revenue": 0, "name": "Assurance Technolgy Corporation", "cage": "8L918", "sam_expiration_date": "2015-01-16T11:15:37Z", "sam_status": "ACTIVE", "sam_activation_date": "2014-01-16T11:30:14Z", "sam_address": "84 S St ", "sam_exclusion": false, "pm_email": "magnuson@assurtech.com", "pm_phone": "703-765-6623", "cm_phone": "703-765-6623"}, "model": "vendor.vendor", "pk": 76}, {"fields": {"sam_citystate": "Alexandria, VA 22311", "duns": "626979228", "number_of_employees": 1, "cm_name": null, "pm_name": null, "sam_url": null, "cm_email": null, "setasides": [15], "duns_4": "6269792280000", "annual_revenue": 246221, "name": "Bowhead Logistics Solutions, LLC", "cage": "4NFX9", "sam_expiration_date": "2015-09-22T08:01:22Z", "sam_status": "ACTIVE", "sam_activation_date": "2014-09-22T08:15:04Z", "sam_address": "4900 Seminary Rd Ste 1200 ", "sam_exclusion": false, "pm_email": null, "pm_phone": null, "cm_phone": null}, "model": "vendor.vendor", "pk": 77}, {"fields": {"sam_citystate": "BEAVERCREEK, OH 45432", "duns": "883504854", "number_of_employees": 0, "cm_name": "Jerry T. Copes", "pm_name": "George S. Vlahos", "sam_url": "http://www.btas.com", "cm_email": "BTASGSAOASIS@btas.com", "setasides": [3], "duns_4": "8835048540000", "annual_revenue": 0, "name": "BTAS", "cage": "07GB6", "sam_expiration_date": "2015-04-28T15:28:26Z", "sam_status": "ACTIVE", "sam_activation_date": "2014-04-28T15:45:41Z", "sam_address": "3572 DAYTON XENIA RD STE 210", "sam_exclusion": false, "pm_email": "BTASGSAOASIS@btas.com", "pm_phone": "937-431-9431 x 13", "cm_phone": "937-431-9431 x 23"}, "model": "vendor.vendor", "pk": 78}, {"fields": {"sam_citystate": "WASHINGTON, DC 20024", "duns": "621420991", "number_of_employees": 280, "cm_name": "Roberta (Robbie) Comer", "pm_name": "Jim Powell", "sam_url": null, "cm_email": "contracts@cssiinc.com", "setasides": [3], "duns_4": "6214209910000", "annual_revenue": 28969948, "name": "CSSI", "cage": "0YUD7", "sam_expiration_date": "2015-07-28T22:37:00Z", "sam_status": "ACTIVE", "sam_activation_date": "2014-07-28T22:45:12Z", "sam_address": "400 VIRGINIA AVE SW STE 710", "sam_exclusion": false, "pm_email": "OASIS@cssiinc.com", "pm_phone": "202-747-2430", "cm_phone": "202-863-3695"}, "model": "vendor.vendor", "pk": 79}, {"fields": {"sam_citystate": "Arlington, VA 22202", "duns": "036593457", "number_of_employees": 131, "cm_name": "April Lesho", "pm_name": "Shawn Shanley", "sam_url": "http://www.dac.us", "cm_email": "april.lesho@dac.us", "setasides": [1], "duns_4": "0365934570000", "annual_revenue": 25000000, "name": "Decisive Analytics", "cage": "06CT8", "sam_expiration_date": "2015-09-26T12:08:27Z", "sam_status": "ACTIVE", "sam_activation_date": "2014-09-26T12:15:28Z", "sam_address": "1400 Crystal Dr Suite 1400 ", "sam_exclusion": false, "pm_email": "shawn.shanley@dac.us", "pm_phone": "703-682-0751", "cm_phone": "703-414-5004"}, "model": "vendor.vendor", "pk": 80}, {"fields": {"sam_citystate": "FEASTERVILLE TREVOSE, PA 19053", "duns": "048620512", "number_of_employees": 0, "cm_name": "Barbara J. Golder", "pm_name": "Chris Lawrence", "sam_url": "http://www.dsainc.com", "cm_email": "Barbara.golder@dsainc.com", "setasides": [], "duns_4": "0486205120000", "annual_revenue": 0, "name": "Data Systems Analyst, Inc.", "cage": "4D266", "sam_expiration_date": "2014-10-04T13:16:07Z", "sam_status": "ACTIVE", "sam_activation_date": "2013-10-04T13:30:12Z", "sam_address": "8 NESHAMINY INTERPLEX DR STE 209", "sam_exclusion": false, "pm_email": "Chris.lawrence@dsainc.com", "pm_phone": "703-261-6062", "cm_phone": "703-261-6032"}, "model": "vendor.vendor", "pk": 81}, {"fields": {"sam_citystate": "COLORADO SPRINGS, CO 80915", "duns": "124651964", "number_of_employees": 1, "cm_name": "Kelly L Bain", "pm_name": "Kelly L Bain", "sam_url": "http://www.deltasands.com", "cm_email": "Kbain@deltasands.com", "setasides": [1, 2], "duns_4": "1246519640000", "annual_revenue": 1, "name": "Delta Solutions and Strategies, LLC", "cage": "1RUU6", "sam_expiration_date": "2015-08-20T13:21:24Z", "sam_status": "ACTIVE", "sam_activation_date": "2014-08-20T13:32:15Z", "sam_address": "565 SPACE CENTER DRIVE, SUITE 330", "sam_exclusion": false, "pm_email": "Kbain@deltasands.com", "pm_phone": "719-475-0605 x 1001", "cm_phone": "719-475-0605 x 1001"}, "model": "vendor.vendor", "pk": 82}, {"fields": {"sam_citystate": "Laurel, MD 20707", "duns": "090770967", "number_of_employees": 92, "cm_name": "Benita Whitfield", "pm_name": "George Putman", "sam_url": "http://www.ertcorp.com/", "cm_email": "Benita.Whitfield@ertcorp.com", "setasides": [3], "duns_4": "0907709670000", "annual_revenue": 3300000, "name": "Earth Resources Technology Inc.", "cage": "1TZ41", "sam_expiration_date": "2015-02-26T14:25:31Z", "sam_status": "ACTIVE", "sam_activation_date": "2014-02-26T14:46:00Z", "sam_address": "14401 Sweitzer Ln Ste 300 ", "sam_exclusion": false, "pm_email": "George.Putnam@ertcorp.com", "pm_phone": "314-738-9044", "cm_phone": "301-323-1435|"}, "model": "vendor.vendor", "pk": 83}, {"fields": {"sam_citystate": "LEXINGTON, MA 02421", "duns": "112947395", "number_of_employees": 330, "cm_name": "Kelly Loomis", "pm_name": "Amanda Pedersen", "sam_url": "http://www.erg.com", "cm_email": "Kelly.Loomis@erg.com", "setasides": [], "duns_4": "1129473950000", "annual_revenue": 43856844, "name": "Eastern Research Group (ERG)", "cage": "00GP8", "sam_expiration_date": "2015-07-18T13:55:06Z", "sam_status": "ACTIVE", "sam_activation_date": "2014-07-18T14:15:07Z", "sam_address": "110 HARTWELL AVE STE 1", "sam_exclusion": false, "pm_email": "Amanda.pedersen@erg.com", "pm_phone": "703-633-1652", "cm_phone": "703-633-1708"}, "model": "vendor.vendor", "pk": 84}, {"fields": {"sam_citystate": "CENTREVILLE, VA 20120", "duns": "048382386", "number_of_employees": 0, "cm_name": "Jim Janulis", "pm_name": "Eric Vazquez", "sam_url": "HTTP://WWW.FULCRUMCO.COM", "cm_email": "jjanulis@fulcrumit.com", "setasides": [], "duns_4": "0483823860000", "annual_revenue": 0, "name": "Fulcrum IT Services", "cage": "0E1B6", "sam_expiration_date": "2015-05-14T09:27:32Z", "sam_status": "ACTIVE", "sam_activation_date": "2014-05-14T09:45:14Z", "sam_address": "5870 TRINITY PARKWAY STE 400", "sam_exclusion": false, "pm_email": "evazquez@fulcrumit.com", "pm_phone": "703-543-2930", "cm_phone": "703-543-2911"}, "model": "vendor.vendor", "pk": 85}, {"fields": {"sam_citystate": "GREENBELT, MD 20770", "duns": "803721679", "number_of_employees": 230, "cm_name": "Sandra Stewart", "pm_name": "Chris Moren", "sam_url": "http://www.gst.com", "cm_email": "sandra.stewart@gst.com", "setasides": [15], "duns_4": "8037216790000", "annual_revenue": 40, "name": "Global Science and Technology", "cage": "0YST4", "sam_expiration_date": "2015-01-13T16:20:32Z", "sam_status": "ACTIVE", "sam_activation_date": "2014-01-13T16:47:53Z", "sam_address": "7855 WALKER DR STE 200", "sam_exclusion": false, "pm_email": "chris.moren@gst.com", "pm_phone": "240-542-1128", "cm_phone": "304-534-3128 x 118"}, "model": "vendor.vendor", "pk": 86}, {"fields": {"sam_citystate": "Fort Walton Beach, FL 32548", "duns": "781841080", "number_of_employees": 30, "cm_name": "Todd Burkhardt", "pm_name": "Charlie Minter", "sam_url": "www.hxfive.com", "cm_email": "Todd.Burkhardt@hxfive.com", "setasides": [1, 2, 3, 15, 16], "duns_4": "7818410800000", "annual_revenue": 1000000, "name": "HX5, LLC", "cage": "4VMT5", "sam_expiration_date": "2015-06-16T15:33:17Z", "sam_status": "ACTIVE", "sam_activation_date": "2014-06-16T16:00:36Z", "sam_address": "212 Eglin Pkwy SE ", "sam_exclusion": false, "pm_email": "Charlie.Minter@hxfive.com", "pm_phone": "850-362-6551", "cm_phone": "850-362-6551"}, "model": "vendor.vendor", "pk": 87}, {"fields": {"sam_citystate": "HUNTSVILLE, AL 35806", "duns": "009699346", "number_of_employees": 95, "cm_name": "Marsha Wells", "pm_name": "Rocky Arrants", "sam_url": null, "cm_email": "marsha.wells@i3-corps.com", "setasides": [], "duns_4": "0096993460000", "annual_revenue": 6000000, "name": "Integration Innovation Inc", "cage": "4ZSH3", "sam_expiration_date": "2015-04-18T13:30:35Z", "sam_status": "ACTIVE", "sam_activation_date": "2014-04-18T13:45:42Z", "sam_address": "689 DISCOVERY DR BLDG 1 STE 500", "sam_exclusion": false, "pm_email": "rocky.arrants@i3-corps.com", "pm_phone": "850-496-1040", "cm_phone": "256-270-4872"}, "model": "vendor.vendor", "pk": 88}, {"fields": {"sam_citystate": "Huntsville, AL 35806", "duns": "136578262", "number_of_employees": 977, "cm_name": "Jane Northrop", "pm_name": "Matthew Schmitz", "sam_url": null, "cm_email": "jane.northrop@intrepidinc.com", "setasides": [], "duns_4": "1365782620000", "annual_revenue": 225541664, "name": "Intrepid", "cage": "1VDA4", "sam_expiration_date": "2015-04-23T09:44:43Z", "sam_status": "ACTIVE", "sam_activation_date": "2014-04-23T10:01:11Z", "sam_address": "360 B Quality Cir Nw", "sam_exclusion": false, "pm_email": "matthew.schmitz@intrepidinc.com", "pm_phone": "256-705-6826", "cm_phone": "256-705-6848"}, "model": "vendor.vendor", "pk": 89}, {"fields": {"sam_citystate": "LOS ANGELES, CA 90056", "duns": "140389763", "number_of_employees": 284, "cm_name": "Ellen Tunkelrott", "pm_name": "Bruce Smith", "sam_url": "http://www.linquest.com/", "cm_email": "ellen.tunkelrott@linquest.com", "setasides": [], "duns_4": "1403897630000", "annual_revenue": 47711000, "name": "LinQuest Corporation", "cage": "3MZU6", "sam_expiration_date": "2015-05-07T10:58:54Z", "sam_status": "ACTIVE", "sam_activation_date": "2014-05-07T11:15:12Z", "sam_address": "5140 W GOLDLEAF CIR STE 400", "sam_exclusion": false, "pm_email": "bruce.smith@linquest.com", "pm_phone": "719-358-5810", "cm_phone": "323-924-1515"}, "model": "vendor.vendor", "pk": 90}, {"fields": {"sam_citystate": "Houston, TX 77058", "duns": "859145658", "number_of_employees": 0, "cm_name": "Suzanne Carter", "pm_name": "Ed Emig", "sam_url": "http://www.meitechinc.com", "cm_email": "Suzanne.Carter@meitechinc.com", "setasides": [1, 2], "duns_4": "8591456580000", "annual_revenue": 0, "name": "MEI Technologies, Inc.", "cage": "0XBY6", "sam_expiration_date": "2015-07-03T13:35:51Z", "sam_status": "ACTIVE", "sam_activation_date": "2014-07-03T15:01:05Z", "sam_address": "18050 Saturn Lane Ste 300", "sam_exclusion": false, "pm_email": "Ed.Emig@meitechinc.com", "pm_phone": "281-823-6223", "cm_phone": "281-823-6238"}, "model": "vendor.vendor", "pk": 91}, {"fields": {"sam_citystate": "San Antonio, TX 78216", "duns": "156753402", "number_of_employees": 0, "cm_name": "Laura Padilla", "pm_name": "Brice Stone", "sam_url": "http://www.metricanet.com", "cm_email": "lpadilla@metricanet.com", "setasides": [3], "duns_4": "1567534020000", "annual_revenue": 0, "name": "Metrica Inc", "cage": "0UTY8", "sam_expiration_date": "2015-03-03T15:51:48Z", "sam_status": "ACTIVE", "sam_activation_date": "2014-03-03T16:15:04Z", "sam_address": "100 NE Loop 410 Ste 520 ", "sam_exclusion": false, "pm_email": "Oasis@metricanet.com", "pm_phone": "609-638-7000", "cm_phone": "210-248-8209"}, "model": "vendor.vendor", "pk": 92}, {"fields": {"sam_citystate": "VIENNA, VA 22182", "duns": "145454182", "number_of_employees": 384, "cm_name": "Sandy Scott", "pm_name": "Bill Edgar", "sam_url": "http://www.microtech.net", "cm_email": "sscott@microtech.net", "setasides": [1, 2], "duns_4": "1454541820000", "annual_revenue": 40352252, "name": "MicroTech", "cage": "3TSJ0", "sam_expiration_date": "2015-05-30T14:46:56Z", "sam_status": "ACTIVE", "sam_activation_date": "2014-05-30T15:00:10Z", "sam_address": "8330 BOONE BLVD STE 600", "sam_exclusion": false, "pm_email": "bedgar@microtech.net", "pm_phone": "571-327-2903", "cm_phone": "571-327-2913"}, "model": "vendor.vendor", "pk": 93}, {"fields": {"sam_citystate": "Arlington, VA 22202", "duns": "011971939", "number_of_employees": 286, "cm_name": "Dianne Thomas", "pm_name": "Ken Baird", "sam_url": "http://www.meicompany.com/", "cm_email": "dthomas@meicompany.com", "setasides": [1], "duns_4": "0119719390000", "annual_revenue": 65434760, "name": "Millennium Engineering and Integration", "cage": "1B5V4", "sam_expiration_date": "2015-07-22T09:59:32Z", "sam_status": "ACTIVE", "sam_activation_date": "2014-07-22T10:15:05Z", "sam_address": "2231 Crystal Dr Ste 711 ", "sam_exclusion": false, "pm_email": "kbaird@meicompany.com", "pm_phone": "703-413-7798", "cm_phone": "703-413-7765"}, "model": "vendor.vendor", "pk": 94}, {"fields": {"sam_citystate": "LEXINGTON, MA 02421", "duns": "176018810", "number_of_employees": 270, "cm_name": "Maggie Wetzell", "pm_name": "Michael McElwain", "sam_url": "http://www.oasissystems.com/", "cm_email": "GSAOASIS@OasisSystems.com", "setasides": [], "duns_4": "1760188100000", "annual_revenue": 35118992, "name": "Oasis Systems, LLC", "cage": "1EDN2", "sam_expiration_date": "2015-05-09T11:40:11Z", "sam_status": "ACTIVE", "sam_activation_date": "2014-05-09T12:00:46Z", "sam_address": "24 HARTWELL AVE", "sam_exclusion": false, "pm_email": "GSAOASIS@OasisSystems.com", "pm_phone": "781-676-7361", "cm_phone": "781-676-7364"}, "model": "vendor.vendor", "pk": 95}, {"fields": {"sam_citystate": "Wakefield, MA 01880", "duns": "090739830", "number_of_employees": 270, "cm_name": "Kathleen Munroe", "pm_name": "Thomas Portlock", "sam_url": "www.odysseyconsult.com", "cm_email": "kathleenmunroe@odysseyconsult.com", "setasides": [], "duns_4": "0907398300000", "annual_revenue": 34130000, "name": "Odyssey Systems", "cage": "09DF6", "sam_expiration_date": "2015-09-15T12:28:40Z", "sam_status": "ACTIVE", "sam_activation_date": "2014-09-15T12:45:51Z", "sam_address": "201 Edgewater Dr Ste 270 ", "sam_exclusion": false, "pm_email": "thomasportlock@odysseyconsult.com", "pm_phone": "781-245-0111 x 114", "cm_phone": "781-245-0111 x 112"}, "model": "vendor.vendor", "pk": 96}, {"fields": {"sam_citystate": "FAIRFAX, VA 22030", "duns": "867796989", "number_of_employees": 0, "cm_name": "Kevin Dyson", "pm_name": "David M. Zivich", "sam_url": "http://www.pesystems.com", "cm_email": "OASIS@pesystems.com", "setasides": [1, 2], "duns_4": "8677969890000", "annual_revenue": 0, "name": "PE Systems", "cage": "5H249", "sam_expiration_date": "2015-09-02T17:34:28Z", "sam_status": "ACTIVE", "sam_activation_date": "2014-09-02T17:45:10Z", "sam_address": "10201 FAIRFAX BLVD STE 400", "sam_exclusion": false, "pm_email": "OASIS@pesystems.com", "pm_phone": "703-246-9664", "cm_phone": "703-246-9663"}, "model": "vendor.vendor", "pk": 97}, {"fields": {"sam_citystate": "Alexandria, VA 22303", "duns": "939944146", "number_of_employees": 0, "cm_name": "Kelly Davis", "pm_name": "Jane Schaub", "sam_url": "http://www.pxi.com", "cm_email": "Kelly.davis@pxi.com", "setasides": [], "duns_4": "9399441460000", "annual_revenue": 0, "name": "Praxis Inc", "cage": "0RK23", "sam_expiration_date": "2015-08-12T15:21:43Z", "sam_status": "ACTIVE", "sam_activation_date": "2014-08-12T15:30:24Z", "sam_address": "5845 Richmond Hwy 7th Fl ", "sam_exclusion": false, "pm_email": "Jane.schaub@pxi.com", "pm_phone": "703-682-2046", "cm_phone": "703-682-2053"}, "model": "vendor.vendor", "pk": 98}, {"fields": {"sam_citystate": "HUNTSVILLE, AL 35805", "duns": "031994218", "number_of_employees": 287, "cm_name": "Victor D. Balch", "pm_name": "David Diaddario", "sam_url": "http://www.radiancetech.com", "cm_email": "vbalch@radiancetech.com", "setasides": [], "duns_4": "0319942180000", "annual_revenue": 45799720, "name": "Radiance Technologies, Inc.", "cage": "1H1J5", "sam_expiration_date": "2015-04-18T10:47:50Z", "sam_status": "ACTIVE", "sam_activation_date": "2014-04-18T11:00:27Z", "sam_address": "350 WYNN DR NW", "sam_exclusion": false, "pm_email": "ddiaddario@radiancetech.com", "pm_phone": "256-325-7859", "cm_phone": "256-489-8966"}, "model": "vendor.vendor", "pk": 99}, {"fields": {"sam_citystate": "FORT COLLINS, CO 80528", "duns": "139725865", "number_of_employees": 69, "cm_name": "Douglas Greer", "pm_name": "Brian Ashe", "sam_url": "http://www.riverside.com", "cm_email": "Doug.greer@riverside.com", "setasides": [], "duns_4": "1397258650000", "annual_revenue": 6904240, "name": "Riverside Technologies, Inc.", "cage": "1FJF9", "sam_expiration_date": "2015-04-21T12:42:15Z", "sam_status": "ACTIVE", "sam_activation_date": "2014-04-21T13:15:15Z", "sam_address": "2950 E HARMONY RD STE 390", "sam_exclusion": false, "pm_email": "Brian.Ashe@Riverside.com", "pm_phone": "970-484-7573", "cm_phone": "970-484-7573"}, "model": "vendor.vendor", "pk": 100}, {"fields": {"sam_citystate": "HUNTSVILLE, AL 35805", "duns": "193460839", "number_of_employees": 0, "cm_name": "Debbie Gerrity", "pm_name": "Mark Arn", "sam_url": "http://www.sigmatech.com", "cm_email": "Debbie.gerrity@sigmatech.com", "setasides": [], "duns_4": "1934608390000", "annual_revenue": 0, "name": "Sigmatech, Inc.", "cage": "69572", "sam_expiration_date": "2015-08-05T11:35:57Z", "sam_status": "ACTIVE", "sam_activation_date": "2014-08-05T11:45:27Z", "sam_address": "4901 CORPORATE DR NW STE C", "sam_exclusion": false, "pm_email": "oasismanagement@sigmatech.com", "pm_phone": "256-319-9283", "cm_phone": "256-319-9212"}, "model": "vendor.vendor", "pk": 101}, {"fields": {"sam_citystate": "NEWPORT NEWS, VA 23606", "duns": "799264531", "number_of_employees": 78, "cm_name": "Crystal Clark", "pm_name": "Serdar Gokcen", "sam_url": "http://www.sptrm.com", "cm_email": "oasis@sptrm.com", "setasides": [1], "duns_4": "7992645310000", "annual_revenue": 6335620, "name": "Spectrum Comm, Inc", "cage": "1LXY1", "sam_expiration_date": "2015-05-08T10:56:11Z", "sam_status": "ACTIVE", "sam_activation_date": "2014-05-08T11:15:59Z", "sam_address": "1 COMPASS WAY STE 300", "sam_exclusion": false, "pm_email": "oasis@sptrm.com", "pm_phone": "757-224-7500 x 5553", "cm_phone": "757-224-7500 x 5537"}, "model": "vendor.vendor", "pk": 102}, {"fields": {"sam_citystate": "ARLINGTON, VA 22203", "duns": "153878996", "number_of_employees": 252, "cm_name": "Judit Gates", "pm_name": "Alice Burgess", "sam_url": "http://www.sainc.com", "cm_email": "jgates@sainc.com", "setasides": [], "duns_4": "1538789960000", "annual_revenue": 54719688, "name": "Strategic Analysis Inc", "cage": "44609", "sam_expiration_date": "2015-01-28T19:38:31Z", "sam_status": "ACTIVE", "sam_activation_date": "2014-01-28T20:00:11Z", "sam_address": "4075 WILSON BLVD STE 200", "sam_exclusion": false, "pm_email": "burgea@sainc.com", "pm_phone": "703-276-2207", "cm_phone": "703-797-2288"}, "model": "vendor.vendor", "pk": 103}, {"fields": {"sam_citystate": "BELCAMP, MD 21017", "duns": "035414697", "number_of_employees": 0, "cm_name": "Liz Seaburn", "pm_name": "Jordan Matthews", "sam_url": null, "cm_email": "liz.seaburn@survice.com", "setasides": [], "duns_4": "0354146970000", "annual_revenue": 0, "name": "Survice Engineering Company, LLC", "cage": "7T988", "sam_expiration_date": "2015-07-16T00:08:16Z", "sam_status": "ACTIVE", "sam_activation_date": "2014-07-16T00:17:21Z", "sam_address": "4695 MILLENNIUM DR", "sam_exclusion": false, "pm_email": "jordan.matthews@survice.com", "pm_phone": "410-273-7722 x 226", "cm_phone": "410-273-7722 x 207"}, "model": "vendor.vendor", "pk": 104}, {"fields": {"sam_citystate": "HUNTSVILLE, AL 35802", "duns": "122515708", "number_of_employees": 150, "cm_name": "Kenneth W. Lones", "pm_name": "Clay Hagan", "sam_url": "http://www.torchtechnologies.com", "cm_email": "kenneth.lones@torchtechnologies.com", "setasides": [], "duns_4": "1225157080000", "annual_revenue": 24281278, "name": "Torch Technologies, Inc.", "cage": "3CBV3", "sam_expiration_date": "2015-03-31T09:44:55Z", "sam_status": "ACTIVE", "sam_activation_date": "2014-03-31T10:00:35Z", "sam_address": "4035 CHRIS DR SW STE C", "sam_exclusion": false, "pm_email": "clay.hagan@torchtechnologies.com", "pm_phone": "256-319-6045", "cm_phone": "256-319-6019"}, "model": "vendor.vendor", "pk": 105}, {"fields": {"sam_citystate": "DAYTON, OH 45432", "duns": "004475216", "number_of_employees": 0, "cm_name": "Donna L. Varner", "pm_name": "William D. Hack", "sam_url": null, "cm_email": "dvarner@utcdayton.com", "setasides": [], "duns_4": "0044752160000", "annual_revenue": 0, "name": "Universal Technology Corp.", "cage": "1B731", "sam_expiration_date": "2015-04-07T09:44:27Z", "sam_status": "ACTIVE", "sam_activation_date": "2014-04-07T10:01:08Z", "sam_address": "1270 N FAIRFIELD RD", "sam_exclusion": false, "pm_email": "bhack@utcdayton.com", "pm_phone": "937-426-2808", "cm_phone": "937-426-2808"}, "model": "vendor.vendor", "pk": 106}, {"fields": {"sam_citystate": "Huntsville, AL 35806", "duns": "102067378", "number_of_employees": 0, "cm_name": "Charlotte Curry", "pm_name": "Scott E. Gilson", "sam_url": "http://www.colsa.com", "cm_email": "colsaoasis@colsa.com", "setasides": [1, 2], "duns_4": "1020673780000", "annual_revenue": 0, "name": "COLSA Corporation", "cage": "4U825", "sam_expiration_date": "2015-07-21T19:19:31Z", "sam_status": "ACTIVE", "sam_activation_date": "2014-07-21T19:30:05Z", "sam_address": "6728 Odyssey Dr", "sam_exclusion": false, "pm_email": "sgilson@colsa.com", "pm_phone": "719-684-6632", "cm_phone": "256-964-5237"}, "model": "vendor.vendor", "pk": 107}, {"fields": {"sam_citystate": "HUNTSVILLE, AL 35805", "duns": "034964945", "number_of_employees": 0, "cm_name": "Carrie Lewis", "pm_name": "Donna Meadows", "sam_url": "http://www.irtc-hq.com", "cm_email": "oasis@irtc-hq.com", "setasides": [], "duns_4": "0349649450000", "annual_revenue": 0, "name": "Intuitive Research and Technology Corporation", "cage": "1MQC1", "sam_expiration_date": "2015-05-30T17:48:32Z", "sam_status": "ACTIVE", "sam_activation_date": "2014-05-30T18:00:06Z", "sam_address": "5030 BRADFORD DR NW STE 205", "sam_exclusion": false, "pm_email": "oasis@irtc-hq.com", "pm_phone": "256-922-9300  x 122", "cm_phone": "256-922-9300  x 133"}, "model": "vendor.vendor", "pk": 108}, {"fields": {"sam_citystate": "MCLEAN, VA 22102", "duns": "028509656", "number_of_employees": 480, "cm_name": "Debra Ferguson", "pm_name": "Debra Lehman", "sam_url": null, "cm_email": "OASIS.COCM@mcri.com", "setasides": [], "duns_4": "0285096560000", "annual_revenue": 55000000, "name": "MCR Federal, LLC", "cage": "0GYV7", "sam_expiration_date": "2015-09-11T13:37:52Z", "sam_status": "ACTIVE", "sam_activation_date": "2014-09-11T13:45:20Z", "sam_address": "2010 CORPORATE RDG STE 350", "sam_exclusion": false, "pm_email": "OASIS.COPM@mcri.com", "pm_phone": "703-740-2238", "cm_phone": "703-740-2236"}, "model": "vendor.vendor", "pk": 109}, {"fields": {"sam_citystate": "ALEXANDRIA, VA 22312", "duns": "807454640", "number_of_employees": 371, "cm_name": "Carol A. Maus", "pm_name": "Mark Lester", "sam_url": "http://www.mtsi-va.com", "cm_email": "oasis@mtsi-va.com.", "setasides": [], "duns_4": "8074546400000", "annual_revenue": 46831848, "name": "MTSI", "cage": "0X988", "sam_expiration_date": "2015-04-21T19:34:24Z", "sam_status": "ACTIVE", "sam_activation_date": "2014-04-21T19:45:20Z", "sam_address": "5285 SHAWNEE RD STE 400", "sam_exclusion": false, "pm_email": "oasis@mtsi-va.com.", "pm_phone": "719-445-2590", "cm_phone": "937-426-9025 x 116"}, "model": "vendor.vendor", "pk": 110}, {"fields": {"sam_citystate": "Fremont, OH 43420", "duns": "928298983", "number_of_employees": 250, "cm_name": "Jeffrey (Jeff) Sultzbaugh", "pm_name": "Steve Kihara", "sam_url": null, "cm_email": "jsultzbaugh@sierralobo.com", "setasides": [15], "duns_4": "9282989830000", "annual_revenue": 18, "name": "Sierra Lobo Inc", "cage": "01HY9", "sam_expiration_date": "2015-09-12T11:56:36Z", "sam_status": "ACTIVE", "sam_activation_date": "2014-09-12T12:16:27Z", "sam_address": "102 Pinnacle Dr ", "sam_exclusion": false, "pm_email": "skihara@sierralobo.com", "pm_phone": "408-807-4397", "cm_phone": "419-499-9653 x 104"}, "model": "vendor.vendor", "pk": 111}, {"fields": {"sam_citystate": "GOLETA, CA 93117", "duns": "074108176", "number_of_employees": 492, "cm_name": "Elizabeth Hawes", "pm_name": "Blaine Webber", "sam_url": "http://www.tecolote.com", "cm_email": "ehawes@tecolote.com", "setasides": [], "duns_4": "0741081760000", "annual_revenue": 72, "name": "Tecolote Research Inc", "cage": "0BMB0", "sam_expiration_date": "2015-09-12T21:05:56Z", "sam_status": "ACTIVE", "sam_activation_date": "2014-09-12T21:15:04Z", "sam_address": "420 S FAIRVIEW AVE STE 201", "sam_exclusion": false, "pm_email": "bwebber@tecolote.com", "pm_phone": "310-640-4700 x 2651", "cm_phone": "805-571-6366 x 126"}, "model": "vendor.vendor", "pk": 112}, {"fields": {"sam_citystate": null, "duns": "119069502", "number_of_employees": null, "cm_name": "Dr. G. Balasubramanian", "pm_name": "Dr. Jalaiah Unnam", "sam_url": null, "cm_email": "bala@asm-usa.com", "setasides": [], "duns_4": "1190695020000", "annual_revenue": null, "name": "Analytical Services and Materials Inc.", "cage": null, "sam_expiration_date": null, "sam_status": null, "sam_activation_date": null, "sam_address": null, "sam_exclusion": null, "pm_email": "junnam@asm-usa.com", "pm_phone": "757-865-7093 x 306", "cm_phone": "757-865-7093 x 311"}, "model": "vendor.vendor", "pk": 113}, {"fields": {"sam_citystate": "Lanham, MD 20706", "duns": "087694808", "number_of_employees": 0, "cm_name": "Hannah Froe", "pm_name": "Robert Valli", "sam_url": "http://www.ssaihq.com", "cm_email": "gwac_pmo@ssaihq.com", "setasides": [3], "duns_4": "0876948080000", "annual_revenue": 0, "name": "Science Systems and Applications, Inc.", "cage": "5S009", "sam_expiration_date": "2014-11-05T10:42:10Z", "sam_status": "ACTIVE", "sam_activation_date": "2013-11-05T11:00:21Z", "sam_address": "10210 Greenbelt Rd Ste 400", "sam_exclusion": false, "pm_email": "Robert.Valli@ssaihq.com", "pm_phone": "757-951-1932", "cm_phone": "301-867-6281"}, "model": "vendor.vendor", "pk": 114}, {"fields": {"sam_citystate": "New York, NY 10038", "duns": "807990382", "number_of_employees": null, "cm_name": "Gary Wittlinger", "pm_name": "Gary Wittlinger", "sam_url": null, "cm_email": "gwittlinger@appliedres.com", "setasides": [], "duns_4": "8079903820000", "annual_revenue": null, "name": "Applied Research Solutions", "cage": "4YHD4", "sam_expiration_date": "2015-06-23T10:39:29Z", "sam_status": "ACTIVE", "sam_activation_date": "2014-06-23T11:31:58Z", "sam_address": "156 William St 9th Fl ", "sam_exclusion": false, "pm_email": "gwittlinger@appliedres.com", "pm_phone": "937-239-0024", "cm_phone": "937-239-0024"}, "model": "vendor.vendor", "pk": 115}, {"fields": {"sam_citystate": "Albuquerque, NM 87110", "duns": "097967608", "number_of_employees": 0, "cm_name": "Marissa Otero", "pm_name": "Bryan Milligan", "sam_url": "http://www.ara.com", "cm_email": "ARA_OASIS_SB@ara.com", "setasides": [], "duns_4": "0979676080000", "annual_revenue": 0, "name": "Applied Research Associates, Inc.", "cage": "9R446", "sam_expiration_date": "2015-07-28T15:51:11Z", "sam_status": "ACTIVE", "sam_activation_date": "2014-07-28T16:00:58Z", "sam_address": "4300 San Mateo Blvd Ne Ste A220 ", "sam_exclusion": false, "pm_email": "ARA_OASIS_SB@ara.com", "pm_phone": "505-883-3636", "cm_phone": "505-881-8074"}, "model": "vendor.vendor", "pk": 116}, {"fields": {"sam_citystate": "LEXINGTON PARK, MD 20653", "duns": "177985561", "number_of_employees": 49, "cm_name": "Jack Duchesne", "pm_name": "Ray Rose", "sam_url": "http://www.compass-sys-inc.com/", "cm_email": "jack.duchesne@compass-sys-inc.com", "setasides": [], "duns_4": "1779855610000", "annual_revenue": 7400000, "name": "Compass Systems Inc", "cage": "08AL5", "sam_expiration_date": "2015-09-19T13:59:17Z", "sam_status": "ACTIVE", "sam_activation_date": "2014-09-19T14:16:29Z", "sam_address": "21471 GREAT MILLS RD", "sam_exclusion": false, "pm_email": "\u00a0ray.rose@compass-sys-inc.com", "pm_phone": "\u00a0301-737-4640", "cm_phone": "301-737-4640 x 335"}, "model": "vendor.vendor", "pk": 117}, {"fields": {"sam_citystate": "ALEXANDRIA, VA 22310", "duns": "083662916", "number_of_employees": 0, "cm_name": "Thomas Sgroi", "pm_name": "Lance Alsheimer", "sam_url": "http://www.dcscorp.com", "cm_email": "DCS_OASIS_FO@dcscorp.com", "setasides": [], "duns_4": "0836629160000", "annual_revenue": 0, "name": "DCS Corporation", "cage": "1P418", "sam_expiration_date": "2015-08-06T13:02:11Z", "sam_status": "ACTIVE", "sam_activation_date": "2014-08-06T13:15:24Z", "sam_address": "6909 METRO PARK DR STE 500", "sam_exclusion": false, "pm_email": "lalsheimer@dcscorp.com", "pm_phone": "240-237-4824", "cm_phone": "571-227-6138"}, "model": "vendor.vendor", "pk": 118}, {"fields": {"sam_citystate": "HUNTSVILLE, AL 35806", "duns": "075458455", "number_of_employees": 658, "cm_name": "Rosie Maul", "pm_name": "Cindy Griner", "sam_url": "www.dynetics.com", "cm_email": "OASIS@dynetics.com", "setasides": [], "duns_4": "0754584550000", "annual_revenue": 96392574, "name": "Dynetics, Inc.", "cage": "7L855", "sam_expiration_date": "2015-07-17T14:14:44Z", "sam_status": "ACTIVE", "sam_activation_date": "2014-07-17T14:30:50Z", "sam_address": "1002 EXPLORER BLVD", "sam_exclusion": false, "pm_email": "OASIS@dynetics.com", "pm_phone": "256-964-4259", "cm_phone": "256-964-4567"}, "model": "vendor.vendor", "pk": 119}, {"fields": {"sam_citystate": "Huntsville, AL 35806", "duns": "095673521", "number_of_employees": 0, "cm_name": "Kenneth Lyles", "pm_name": "Randy Stevens", "sam_url": null, "cm_email": "klyles@erc-incorporated.com", "setasides": [], "duns_4": "0956735210000", "annual_revenue": 0, "name": "Engineering Research and Consulting", "cage": "0VYZ2", "sam_expiration_date": "2015-04-15T15:35:11Z", "sam_status": "ACTIVE", "sam_activation_date": "2014-04-15T15:46:27Z", "sam_address": "308 Voyager Way, Suite 200 ", "sam_exclusion": false, "pm_email": "rstevens@erc-incorporated.com", "pm_phone": "256-327-9168", "cm_phone": "256-327-9170"}, "model": "vendor.vendor", "pk": 120}, {"fields": {"sam_citystate": "DAYTON, OH 45432", "duns": "361317902", "number_of_employees": 0, "cm_name": "Shawn Irish", "pm_name": "Carl Canter", "sam_url": "http://www.itc-1.com/", "cm_email": "irishs@itc-1.com", "setasides": [3], "duns_4": "3613179020000", "annual_revenue": 0, "name": "Innovative Technologies Corp", "cage": "0EBK0", "sam_expiration_date": "2015-08-21T08:51:01Z", "sam_status": "ACTIVE", "sam_activation_date": "2014-08-21T09:00:11Z", "sam_address": "1020 WOODMAN DR STE 100", "sam_exclusion": false, "pm_email": "canterc@itc-1.com", "pm_phone": "937-252-2145 x 142", "cm_phone": "937-252-2145 x 115"}, "model": "vendor.vendor", "pk": 121}, {"fields": {"sam_citystate": "CHANTILLY, VA 20151", "duns": "047939504", "number_of_employees": 350, "cm_name": "Mike Cave", "pm_name": "Peter Kimes", "sam_url": "http://www.integrity-apps.com", "cm_email": "mcave@integrity-apps.com", "setasides": [1], "duns_4": "0479395040000", "annual_revenue": 70000000, "name": "Integrity Applications", "cage": "1JSR9", "sam_expiration_date": "2015-07-02T14:55:54Z", "sam_status": "ACTIVE", "sam_activation_date": "2014-07-02T15:15:17Z", "sam_address": "15020 CONFERENCE CENTER DRIVE, SUITE 100", "sam_exclusion": false, "pm_email": "pkimes@integrity-apps.com", "pm_phone": "703-378-8672 x 3535", "cm_phone": "703-674-3162"}, "model": "vendor.vendor", "pk": 122}, {"fields": {"sam_citystate": "Atlanta, GA 30339", "duns": "197138274", "number_of_employees": 0, "cm_name": "Jerry Goldbaugh", "pm_name": "Jeff Bringslid", "sam_url": "http://www.scires.com", "cm_email": "jgoldbau@scires.com", "setasides": [], "duns_4": "1971382740000", "annual_revenue": 0, "name": "Scientific Research Corporation", "cage": "0D5A6", "sam_expiration_date": "2015-04-02T13:11:10Z", "sam_status": "ACTIVE", "sam_activation_date": "2014-04-02T13:30:40Z", "sam_address": "2300 Windy Rge Pwy Ste 400S", "sam_exclusion": false, "pm_email": "jbringslid@scires.com", "pm_phone": "801-821-7466", "cm_phone": "770-989-9408"}, "model": "vendor.vendor", "pk": 123}, {"fields": {"sam_citystate": "MORRISVILLE, NC 27560", "duns": "829288856", "number_of_employees": 218, "cm_name": "Mickey Fisher", "pm_name": "Tom Wilson", "sam_url": "http://www.usfalcon.com", "cm_email": "mickey.fisher@usfalcon.com", "setasides": [1, 2, 15], "duns_4": "8292888560000", "annual_revenue": 105086601, "name": "US Falcon", "cage": "4CWP6", "sam_expiration_date": "2015-05-29T10:43:09Z", "sam_status": "ACTIVE", "sam_activation_date": "2014-05-29T11:15:31Z", "sam_address": "1 COPLEY PKWY STE 200", "sam_exclusion": false, "pm_email": "thomas.wilson@usfalcon.com", "pm_phone": "407-873-1456", "cm_phone": "732-241-6026"}, "model": "vendor.vendor", "pk": 124}, {"fields": {"sam_citystate": "Reston, VA 20191", "duns": "131873457", "number_of_employees": 100, "cm_name": "Jerome Martin", "pm_name": "Richard Justice", "sam_url": null, "cm_email": "jmartin@wbbinc.com", "setasides": [], "duns_4": "1318734570000", "annual_revenue": 19168248, "name": "Whitney, Bradley & Brown, Inc.", "cage": "8Z634", "sam_expiration_date": "2015-06-30T09:11:02Z", "sam_status": "ACTIVE", "sam_activation_date": "2014-06-30T09:49:00Z", "sam_address": "11790 Sunrise Valley Dr ", "sam_exclusion": false, "pm_email": "rjustice@wbbinc.com", "pm_phone": "703-448-6081 x 183", "cm_phone": "703-448-6081 x 148"}, "model": "vendor.vendor", "pk": 125}, {"fields": {"sam_citystate": "ARLINGTON, VA 22203", "duns": "139727148", "number_of_employees": 0, "cm_name": "Jen Ferguson", "pm_name": "Sandi LaCroix", "sam_url": "www.accenture.com", "cm_email": "oasis@accentruefederal.com", "setasides": [], "duns_4": "1397271480000", "annual_revenue": 0, "name": "Accenture Federal Services, LLC", "cage": "1ZD18", "sam_expiration_date": "2015-06-09T10:35:06Z", "sam_status": "ACTIVE", "sam_activation_date": "2014-06-09T10:45:26Z", "sam_address": "800 NORTH GLEBE RD #300", "sam_exclusion": false, "pm_email": "oasis@accentruefederal.com", "pm_phone": "571-414-3350", "cm_phone": "571-551-3530"}, "model": "vendor.vendor", "pk": 126}, {"fields": {"sam_citystate": "BURR RIDGE, IL 60527", "duns": "963450866", "number_of_employees": 3380, "cm_name": "David Richard", "pm_name": "Ron Crocker", "sam_url": null, "cm_email": "OASIS-PMO@alionscience.com", "setasides": [], "duns_4": "9634508660000", "annual_revenue": 759852992, "name": "Alion Science and Technology Corporation", "cage": "3BM47", "sam_expiration_date": "2015-05-01T16:14:53Z", "sam_status": "ACTIVE", "sam_activation_date": "2014-05-01T16:30:40Z", "sam_address": "1000 BURR RIDGE PKWY STE 202", "sam_exclusion": false, "pm_email": "OASIS-PMO@alionscience.com", "pm_phone": "978-395-7010", "cm_phone": "703-259-5234"}, "model": "vendor.vendor", "pk": 127}, {"fields": {"sam_citystate": "Blue Bell, PA 19422", "duns": "038086125", "number_of_employees": 1238, "cm_name": "Greg Wenning", "pm_name": "Greg Wenning", "sam_url": null, "cm_email": "gregory.wenning@amec.com", "setasides": [], "duns_4": "0380861250000", "annual_revenue": 238000000, "name": "AMEC Environment & Infrastructure, Inc.", "cage": "1U1W9", "sam_expiration_date": "2015-07-18T10:37:05Z", "sam_status": "ACTIVE", "sam_activation_date": "2014-07-18T10:45:17Z", "sam_address": "751 Arbor Way, Ste 180 ", "sam_exclusion": false, "pm_email": "gregory.wenning@amec.com", "pm_phone": "610-877-6110", "cm_phone": "610-877-6110"}, "model": "vendor.vendor", "pk": 128}, {"fields": {"sam_citystate": "BOULDER, CO 80301", "duns": "926451519", "number_of_employees": 0, "cm_name": "Gayle Ashton", "pm_name": "Dale Kirby", "sam_url": "http://www.ballaerospace.com", "cm_email": "gashton@ball.com", "setasides": [], "duns_4": "9264515190000", "annual_revenue": 0, "name": "Ball Aerospace & Technologies Corporation", "cage": "13993", "sam_expiration_date": "2015-09-12T16:09:54Z", "sam_status": "ACTIVE", "sam_activation_date": "2014-09-12T16:15:48Z", "sam_address": "1600 COMMERCE ST", "sam_exclusion": false, "pm_email": "dkirby@ball.com", "pm_phone": "937-490-2732", "cm_phone": "937-320-7054"}, "model": "vendor.vendor", "pk": 129}, {"fields": {"sam_citystate": "COLUMBUS, OH 43201", "duns": "007901598", "number_of_employees": 0, "cm_name": "Steven H. Jordan", "pm_name": "Satya P. Chauhan", "sam_url": "www.battelle.org", "cm_email": "jordans@battelle.org", "setasides": [], "duns_4": "0079015980000", "annual_revenue": 0, "name": "Battelle Memorial Institute", "cage": "79986", "sam_expiration_date": "2015-08-27T13:59:13Z", "sam_status": "ACTIVE", "sam_activation_date": "2014-08-27T14:16:06Z", "sam_address": "505 KING AVENUE", "sam_exclusion": false, "pm_email": "Chauhan@Battelle.org", "pm_phone": "614-424-6151|", "cm_phone": "614-424-6151"}, "model": "vendor.vendor", "pk": 130}, {"fields": {"sam_citystate": "RICHARDSON, TX 75082", "duns": "074875162", "number_of_employees": 0, "cm_name": "Kevin J. O'Brien", "pm_name": "Patrick M. Sweeney", "sam_url": "http://www.boeing.com/bds/support_services/", "cm_email": "oasis@boeing.com", "setasides": [], "duns_4": "0748751620000", "annual_revenue": 0, "name": "Boeing Service Company", "cage": "54669", "sam_expiration_date": "2015-08-15T02:51:06Z", "sam_status": "ACTIVE", "sam_activation_date": "2014-08-15T09:47:25Z", "sam_address": "3373 BRECKINRIDGE BLVD", "sam_exclusion": false, "pm_email": "oasis@boeing.com", "pm_phone": "301-623-0520", "cm_phone": "972-705-8241"}, "model": "vendor.vendor", "pk": 131}, {"fields": {"sam_citystate": "McLean, VA 22102", "duns": "006928857", "number_of_employees": 0, "cm_name": "Pamela Stevens", "pm_name": "Ellis Khan", "sam_url": "HTTP://WWW.BOOZALLEN.COM", "cm_email": "BAHOASISContract@bah.com", "setasides": [], "duns_4": "0069288570000", "annual_revenue": 0, "name": "Booz Allen Hamilton, Inc.", "cage": "17038", "sam_expiration_date": "2015-09-03T09:02:57Z", "sam_status": "ACTIVE", "sam_activation_date": "2014-09-03T09:15:06Z", "sam_address": "8283 Greensboro Dr ", "sam_exclusion": false, "pm_email": "khan_ellis@bah.com", "pm_phone": "703-902-4580", "cm_phone": "703-377-7638"}, "model": "vendor.vendor", "pk": 132}, {"fields": {"sam_citystate": "Huntsville, AL 35806", "duns": "609570742", "number_of_employees": 0, "cm_name": "Cindy Milstead", "pm_name": "Heather Mori", "sam_url": "http://www.camber.com", "cm_email": "OASIS@camber.com", "setasides": [], "duns_4": "6095707420000", "annual_revenue": 0, "name": "Camber Corporation", "cage": "0MWW4", "sam_expiration_date": "2015-09-17T13:10:06Z", "sam_status": "ACTIVE", "sam_activation_date": "2014-09-17T13:32:05Z", "sam_address": "670 Discovery Dr ", "sam_exclusion": false, "pm_email": "hmori@camber.com", "pm_phone": "703-825-2583", "cm_phone": "703-539-3068"}, "model": "vendor.vendor", "pk": 133}, {"fields": {"sam_citystate": "FAIRFAX, VA 22033", "duns": "145969783", "number_of_employees": 25000, "cm_name": "Julia Conti", "pm_name": "Brandon Hamilton", "sam_url": "http://www.cgifederal.com", "cm_email": "gsaoasis@cgifederal.com", "setasides": [], "duns_4": "1459697830000", "annual_revenue": 3673408768, "name": "CGI Federal, Inc.", "cage": "3YVK7", "sam_expiration_date": "2015-09-09T12:13:35Z", "sam_status": "ACTIVE", "sam_activation_date": "2014-09-09T12:31:05Z", "sam_address": "12601 FAIR LAKES CIR", "sam_exclusion": false, "pm_email": "gsaoasis@cgifederal.com", "pm_phone": "703-227-7522", "cm_phone": "703-227-4652"}, "model": "vendor.vendor", "pk": 134}, {"fields": {"sam_citystate": "CHANTILLY, VA 20151", "duns": "135962137", "number_of_employees": 0, "cm_name": "Dennis Biddle", "pm_name": "George Hansen", "sam_url": null, "cm_email": "oasispm@csc.com", "setasides": [], "duns_4": "1359621370000", "annual_revenue": 0, "name": "Computer Sciences Corporation", "cage": "3RTH3", "sam_expiration_date": "2015-08-07T15:11:39Z", "sam_status": "ACTIVE", "sam_activation_date": "2014-08-07T16:00:24Z", "sam_address": "15000 CONFERENCE CENTER DR", "sam_exclusion": false, "pm_email": "oasispm@csc.com", "pm_phone": "520-458-6114", "cm_phone": "571-438-7939"}, "model": "vendor.vendor", "pk": 135}, {"fields": {"sam_citystate": "JOHNSTOWN, PA 15904", "duns": "189737810", "number_of_employees": 1456, "cm_name": "Brooke Cheskiewicz", "pm_name": "Susan R. Dadey", "sam_url": null, "cm_email": "OASIS@ctc.com", "setasides": [], "duns_4": "1897378100000", "annual_revenue": 2039020032, "name": "Concurrent Technologies Corporation", "cage": "0W151", "sam_expiration_date": "2015-06-11T09:19:15Z", "sam_status": "ACTIVE", "sam_activation_date": "2014-06-11T09:30:09Z", "sam_address": "100 CTC DR", "sam_exclusion": false, "pm_email": "OASIS@ctc.com", "pm_phone": "814-269-6519", "cm_phone": "814-269-6519"}, "model": "vendor.vendor", "pk": 136}, {"fields": {"sam_citystate": "ALEXANDRIA, VA 22314", "duns": "019121586", "number_of_employees": 9714, "cm_name": "Nancy Dunn", "pm_name": "Tony Pagliaro", "sam_url": "http://www.deloitte.com", "cm_email": "OASIS@deloitte.com", "setasides": [], "duns_4": "0191215860000", "annual_revenue": 2967000064, "name": "Deloitte Consulting, LLP", "cage": "1TTG5", "sam_expiration_date": "2015-09-30T10:10:18Z", "sam_status": "ACTIVE", "sam_activation_date": "2014-09-30T10:16:48Z", "sam_address": "1725 DUKE ST", "sam_exclusion": false, "pm_email": "OASIS@deloitte.com", "pm_phone": "517-814-7680", "cm_phone": "703-251-1143"}, "model": "vendor.vendor", "pk": 137}, {"fields": {"sam_citystate": "Chantilly, VA 20151", "duns": "048341838", "number_of_employees": 0, "cm_name": "Sewanee Johnson", "pm_name": "Chip Taylor", "sam_url": "http://www.engilitycorp.com", "cm_email": "Sewanee.Johnson@EngilityCorp.com", "setasides": [], "duns_4": "0483418380000", "annual_revenue": 0, "name": "Engility Corporation", "cage": "02NP8", "sam_expiration_date": "2015-09-30T14:44:22Z", "sam_status": "ACTIVE", "sam_activation_date": "2014-09-30T15:00:34Z", "sam_address": "3750 Centerview Dr ", "sam_exclusion": false, "pm_email": "Chip.Taylor@EngilityCorp.com", "pm_phone": "703-707-2772", "cm_phone": "703-664-6274"}, "model": "vendor.vendor", "pk": 138}, {"fields": {"sam_citystate": "Herndon, VA 20170", "duns": "083655498", "number_of_employees": 13050, "cm_name": "Gloria Kleaka", "pm_name": "Esther Burgess", "sam_url": "http://www.exelisinc.com", "cm_email": "OASIS_Contracts@exelisinc.com", "setasides": [], "duns_4": "0836554980000", "annual_revenue": 500000000, "name": "Exelis Inc., Information Systems", "cage": "9M715", "sam_expiration_date": "2015-09-15T14:26:45Z", "sam_status": "ACTIVE", "sam_activation_date": "2014-09-15T15:01:10Z", "sam_address": "12975 Worldgate Dr Ste 700 ", "sam_exclusion": false, "pm_email": "OASIS_PM@exelisinc.com", "pm_phone": "703-668-6217", "cm_phone": "315-838-7009"}, "model": "vendor.vendor", "pk": 139}, {"fields": {"sam_citystate": "PALM BAY, FL 32905", "duns": "021715206", "number_of_employees": 0, "cm_name": "Greg Wagner", "pm_name": "Greg Terry", "sam_url": "HTTP://WWW.HARRIS.COM/", "cm_email": "OASIS@harris.com", "setasides": [], "duns_4": "0217152060000", "annual_revenue": 0, "name": "Harris Corporation", "cage": "91417", "sam_expiration_date": "2015-04-16T09:23:20Z", "sam_status": "ACTIVE", "sam_activation_date": "2014-04-16T09:45:18Z", "sam_address": "2400 PALM BAY RD NE", "sam_exclusion": false, "pm_email": "gterry@harris.com", "pm_phone": "321-729-7962", "cm_phone": "321-727-6542"}, "model": "vendor.vendor", "pk": 140}, {"fields": {"sam_citystate": "COLUMBIA, MD 21046", "duns": "041014242", "number_of_employees": 0, "cm_name": "Amy DeRieux", "pm_name": "John Grassel", "sam_url": "HTTP://WWW.HONEYWELL.COM", "cm_email": "DL-OASIS@honeywell.com", "setasides": [], "duns_4": "0410142420000", "annual_revenue": 0, "name": "Honeywell Technology Solutions, Inc.", "cage": "15151", "sam_expiration_date": "2015-07-01T14:05:59Z", "sam_status": "ACTIVE", "sam_activation_date": "2014-07-01T14:15:22Z", "sam_address": "7000 COLUMBIA GATEWAY DR", "sam_exclusion": false, "pm_email": "DL-OASIS@honeywell.com", "pm_phone": "301-286-2338", "cm_phone": "540-413-6954"}, "model": "vendor.vendor", "pk": 141}, {"fields": {"sam_citystate": "FAIRFAX, VA 22031", "duns": "072648579", "number_of_employees": 3500, "cm_name": "Jeff Beckner", "pm_name": "Mark Youman", "sam_url": null, "cm_email": "jeffrey.beckner@icfi.com", "setasides": [], "duns_4": "0726485790000", "annual_revenue": 500000000, "name": "ICF Incorporated, LLC", "cage": "5M571", "sam_expiration_date": "2015-05-27T12:12:59Z", "sam_status": "ACTIVE", "sam_activation_date": "2014-05-27T12:31:02Z", "sam_address": "9300 LEE HWY ", "sam_exclusion": false, "pm_email": "mark.youman@icfi.com", "pm_phone": "703-934-3658", "cm_phone": "703-934-3147"}, "model": "vendor.vendor", "pk": 142}, {"fields": {"sam_citystate": "BETHESDA, MD 20817", "duns": "835130485", "number_of_employees": 355766, "cm_name": "Maryanne Manzi", "pm_name": "Tom Delaney", "sam_url": "http://ibm.com/easyaccess/gsa", "cm_email": "manzi1@us.ibm.com", "setasides": [], "duns_4": "8351304850000", "annual_revenue": 0, "name": "International Business Machines Corporation", "cage": "3BXY7", "sam_expiration_date": "2015-07-29T16:44:16Z", "sam_status": "ACTIVE", "sam_activation_date": "2014-07-29T17:00:13Z", "sam_address": "6710 ROCKLEDGE DRIVE", "sam_exclusion": false, "pm_email": "tdelaney@us.ibm.com", "pm_phone": "301-318-5632", "cm_phone": "720-396-7301"}, "model": "vendor.vendor", "pk": 143}, {"fields": {"sam_citystate": "TULLAHOMA, TN 37388", "duns": "007923014", "number_of_employees": 0, "cm_name": "Dan Sweet", "pm_name": "Shawn Nunn", "sam_url": "http://www.jacobstechnology.com", "cm_email": "dan.sweet@jacobs.com", "setasides": [], "duns_4": "0079230140000", "annual_revenue": 0, "name": "Jacobs Technology, Inc.", "cage": "07486", "sam_expiration_date": "2015-07-25T10:18:55Z", "sam_status": "ACTIVE", "sam_activation_date": "2014-07-25T10:30:17Z", "sam_address": "600 WILLIAM NORTHERN BLVD", "sam_exclusion": false, "pm_email": "shawn.nunn@jacobs.com", "pm_phone": "931-393-6429", "cm_phone": "931-393-6697"}, "model": "vendor.vendor", "pk": 144}, {"fields": {"sam_citystate": "Reston, VA 20190", "duns": "136127482", "number_of_employees": 60000, "cm_name": "John Kronkaitis", "pm_name": "Vince Errigo", "sam_url": null, "cm_email": "OASIS@L-3com.com", "setasides": [], "duns_4": "1361274820000", "annual_revenue": 8999999488, "name": "L3 National Security Solutions", "cage": "3HNV7", "sam_expiration_date": "2015-09-04T09:37:37Z", "sam_status": "ACTIVE", "sam_activation_date": "2014-09-04T09:45:26Z", "sam_address": "11955 Freedom Dr Ste 12000 ", "sam_exclusion": false, "pm_email": "OASIS@L-3com.com", "pm_phone": "703-434-4897", "cm_phone": "703-434-4759"}, "model": "vendor.vendor", "pk": 145}, {"fields": {"sam_citystate": "Reston, VA 20190", "duns": "054781240", "number_of_employees": 0, "cm_name": "Sandra L. Reid", "pm_name": "Joseph A. Pastel", "sam_url": "http://www.leidos.com", "cm_email": "OASISCOCM@Leidos.com", "setasides": [], "duns_4": "0547812400000", "annual_revenue": 0, "name": "Leidos, Inc.", "cage": "52302", "sam_expiration_date": "2015-09-30T15:09:21Z", "sam_status": "ACTIVE", "sam_activation_date": "2014-09-30T15:39:52Z", "sam_address": "11951 Freedom Dr ", "sam_exclusion": false, "pm_email": "OASISCOPM@Leidos.com", "pm_phone": "571-526-7087", "cm_phone": "202-386-1703"}, "model": "vendor.vendor", "pk": 146}, {"fields": {"sam_citystate": "BETHESDA, MD 20817", "duns": "836196972", "number_of_employees": 0, "cm_name": "Deirdre T. Johnson", "pm_name": "Jeffrey Chesko", "sam_url": "http://www.lockheedmartin.com", "cm_email": "oasis-pmo.gr-isgs@lmco.com", "setasides": [], "duns_4": "8361969720000", "annual_revenue": 0, "name": "Lockheed Martin Integrated Systems, Inc.", "cage": "4X260", "sam_expiration_date": "2015-04-17T13:40:18Z", "sam_status": "ACTIVE", "sam_activation_date": "2014-04-17T14:00:58Z", "sam_address": "6801 ROCKLEDGE DR", "sam_exclusion": false, "pm_email": "oasis-pmo.gr-isgs@lmco.com", "pm_phone": "301-640-2433", "cm_phone": "301-306-8043"}, "model": "vendor.vendor", "pk": 147}, {"fields": {"sam_citystate": "FAIRFAX, VA 22033", "duns": "139627525", "number_of_employees": 0, "cm_name": "Jeromy Block", "pm_name": "Paula Bayliss", "sam_url": "http://www.mantech.com", "cm_email": "oasis@mantech.com", "setasides": [], "duns_4": "1396275250000", "annual_revenue": 0, "name": "ManTech Advanced Systems International, Inc.", "cage": "5N741", "sam_expiration_date": "2015-09-02T10:08:02Z", "sam_status": "ACTIVE", "sam_activation_date": "2014-09-02T10:21:07Z", "sam_address": "12015 LEE JACKSON MEMORIAL HWY", "sam_exclusion": false, "pm_email": "oasis@mantech.com", "pm_phone": "703-633-2458", "cm_phone": "703-633-2458"}, "model": "vendor.vendor", "pk": 148}, {"fields": {"sam_citystate": "Falls Church, VA 22042", "duns": "932902364", "number_of_employees": 775, "cm_name": "German Lopez", "pm_name": "Mark Lay", "sam_url": "http://www.noblis.org", "cm_email": "German.lopez@noblis.org", "setasides": [], "duns_4": "9329023640000", "annual_revenue": 154896, "name": "Noblis, Inc.", "cage": "05DZ5", "sam_expiration_date": "2015-09-08T11:15:56Z", "sam_status": "ACTIVE", "sam_activation_date": "2014-09-08T11:30:05Z", "sam_address": "3150 Fairview Park Dr", "sam_exclusion": false, "pm_email": "Mark.lay@noblis.org", "pm_phone": "703-610-2680", "cm_phone": "703-610-2561"}, "model": "vendor.vendor", "pk": 149}, {"fields": {"sam_citystate": "Mc Lean, VA 22102", "duns": "015247885", "number_of_employees": 68100, "cm_name": "Linda R. Baverly", "pm_name": "Susan M. Bethke", "sam_url": null, "cm_email": "ContractOASIS@ngc.com", "setasides": [], "duns_4": "0152478850000", "annual_revenue": 26591000576, "name": "Northrop Grumman Systems Corporation", "cage": "32143", "sam_expiration_date": "2015-06-10T10:13:59Z", "sam_status": "ACTIVE", "sam_activation_date": "2014-06-10T10:49:01Z", "sam_address": "7575 Colshire Dr ", "sam_exclusion": false, "pm_email": "susan.bethke@ngc.com", "pm_phone": "703-556-1631", "cm_phone": "703-556-1632"}, "model": "vendor.vendor", "pk": 150}, {"fields": {"sam_citystate": null, "duns": "139847276", "number_of_employees": 4491, "cm_name": "Peter Capwell", "pm_name": "Carrie Ratcliff", "sam_url": null, "cm_email": "Peter.Capwell@pae.com", "setasides": [], "duns_4": "1398472760000", "annual_revenue": 460000000, "name": "PAE", "cage": null, "sam_expiration_date": null, "sam_status": null, "sam_activation_date": null, "sam_address": null, "sam_exclusion": null, "pm_email": "Carrie.Ratcliff@pae.com", "pm_phone": "703-717-6106", "cm_phone": "703-717-6127"}, "model": "vendor.vendor", "pk": 151}, {"fields": {"sam_citystate": "Pasadena, CA 91124", "duns": "006908511", "number_of_employees": 11000, "cm_name": "Tondra Fry", "pm_name": "Barry Adams", "sam_url": "www.parsons.com", "cm_email": "OASIS-CO@Parsons.com", "setasides": [], "duns_4": "0069085110000", "annual_revenue": 100000000, "name": "Parsons Government Services, Inc", "cage": "1BVK6", "sam_expiration_date": "2015-06-18T14:21:37Z", "sam_status": "ACTIVE", "sam_activation_date": "2014-06-18T14:46:57Z", "sam_address": "100 W Walnut St", "sam_exclusion": false, "pm_email": "OASIS-PM@Parsons.com", "pm_phone": "310-727-0950 x 128", "cm_phone": "626-440-4158"}, "model": "vendor.vendor", "pk": 152}, {"fields": {"sam_citystate": "Reston, VA 20190", "duns": "613194799", "number_of_employees": 5000, "cm_name": "Geoffrey Vance", "pm_name": "John Gregorits", "sam_url": "www.Vencore.com", "cm_email": "Geoffrey.vance@QinetiQ-NA.com", "setasides": [], "duns_4": "6131947990000", "annual_revenue": 1200000000, "name": "QinetiQ North America, Inc.", "cage": "4CGE4", "sam_expiration_date": "2015-09-05T10:55:28Z", "sam_status": "ACTIVE", "sam_activation_date": "2014-09-12T09:49:20Z", "sam_address": "11091 Sunset Hills Rd Ste 200 ", "sam_exclusion": false, "pm_email": "John.Gregorits@QinetiQ-NA.com", "pm_phone": "571-521-7744", "cm_phone": "619-321-6173"}, "model": "vendor.vendor", "pk": 153}, {"fields": {"sam_citystate": "DULLES, VA 20166", "duns": "053387429", "number_of_employees": 0, "cm_name": "Robin A. Klonarides", "pm_name": "Raymond Moehler", "sam_url": "http://www.raytheon.com", "cm_email": "GSA_OASIS@raytheon.com", "setasides": [], "duns_4": "0533874290000", "annual_revenue": 0, "name": "Raytheon Company", "cage": "04071", "sam_expiration_date": "2015-05-06T17:34:15Z", "sam_status": "ACTIVE", "sam_activation_date": "2014-05-06T17:45:48Z", "sam_address": "22260 PACIFIC BLVD", "sam_exclusion": false, "pm_email": "GSA_OASIS@raytheon.com", "pm_phone": "571-250-1090", "cm_phone": "571-250-1082"}, "model": "vendor.vendor", "pk": 154}, {"fields": {"sam_citystate": "McLean, VA 22102", "duns": "078883327", "number_of_employees": 13758, "cm_name": "Gregory Parrington", "pm_name": "Belinda B. Pellegrino", "sam_url": null, "cm_email": "gregory.parrington@saic.com", "setasides": [], "duns_4": "0788833270000", "annual_revenue": 4000000000, "name": "Science Applications International Corporation", "cage": "6XWA8", "sam_expiration_date": "2015-09-08T12:49:03Z", "sam_status": "ACTIVE", "sam_activation_date": "2014-09-08T13:25:00Z", "sam_address": "1710 SAIC Dr ", "sam_exclusion": false, "pm_email": "Belinda.B.Pellegrino@saic.com", "pm_phone": "703-676-8719", "cm_phone": "703-676-6902"}, "model": "vendor.vendor", "pk": 155}, {"fields": {"sam_citystate": "RESTON, VA 20190", "duns": "928859149", "number_of_employees": 5500, "cm_name": "Patrick Haar", "pm_name": "Michael Lanier", "sam_url": "www.serco-na.com", "cm_email": "OASIS@Serco-NA.com", "setasides": [], "duns_4": "9288591490000", "annual_revenue": 450000000, "name": "Serco, Inc.", "cage": "022Q2", "sam_expiration_date": "2015-02-21T10:22:43Z", "sam_status": "ACTIVE", "sam_activation_date": "2014-02-21T10:45:15Z", "sam_address": "1818 LIBRARY ST STE 1000", "sam_exclusion": false, "pm_email": "OASIS@Serco-NA.com", "pm_phone": "703-939-6648", "cm_phone": "719-235-4357"}, "model": "vendor.vendor", "pk": 156}, {"fields": {"sam_citystate": "GREENBELT, MD 20770", "duns": "878901396", "number_of_employees": 485, "cm_name": "Julie Smith", "pm_name": "Douglas Hayes", "sam_url": "http://www.sgt-inc.com", "cm_email": "OASIS@sgt-inc.com", "setasides": [], "duns_4": "8789013960000", "annual_revenue": 43000000, "name": "SGT, Inc.", "cage": "1DDX3", "sam_expiration_date": "2015-08-21T11:48:34Z", "sam_status": "ACTIVE", "sam_activation_date": "2014-08-21T12:00:50Z", "sam_address": "7701 GREENBELT RD  STE 400", "sam_exclusion": false, "pm_email": "OASIS@sgt-inc.com", "pm_phone": "301-313-3503", "cm_phone": "301-486-3178"}, "model": "vendor.vendor", "pk": 157}, {"fields": {"sam_citystate": "SAN ANTONIO, TX 78238", "duns": "007936842", "number_of_employees": 2900, "cm_name": "Troy Nagy", "pm_name": "Janice Dean", "sam_url": "http://www.swri.org", "cm_email": "OASIS@swri.org", "setasides": [], "duns_4": "0079368420000", "annual_revenue": 47, "name": "Southwest Research Institute", "cage": "26401", "sam_expiration_date": "2015-04-24T12:02:06Z", "sam_status": "ACTIVE", "sam_activation_date": "2014-04-24T12:15:33Z", "sam_address": "6220 CULEBRA RD", "sam_exclusion": false, "pm_email": "OASIS@swri.org", "pm_phone": "210-522-5180", "cm_phone": "210-522-2230"}, "model": "vendor.vendor", "pk": 158}, {"fields": {"sam_citystate": "Fairfax, VA 22033", "duns": "097779698", "number_of_employees": 0, "cm_name": "Mark J. McNeely", "pm_name": "Ann Hogan", "sam_url": "http://www.sra.com", "cm_email": "OASIS@sra.com", "setasides": [], "duns_4": "0977796980000", "annual_revenue": 0, "name": "SRA International, Inc.", "cage": "6R517", "sam_expiration_date": "2015-09-11T20:00:45Z", "sam_status": "ACTIVE", "sam_activation_date": "2014-09-11T20:15:05Z", "sam_address": "4300 Fair lakes Ct ", "sam_exclusion": false, "pm_email": "OASIS@sra.com", "pm_phone": "703-227-8355", "cm_phone": "703-227-8209"}, "model": "vendor.vendor", "pk": 159}, {"fields": {"sam_citystate": "MENLO PARK, CA 94025", "duns": "009232752", "number_of_employees": 0, "cm_name": "Brandon Gravett", "pm_name": "Dave Scott", "sam_url": null, "cm_email": "Brandon.Gravett@sri.com", "setasides": [], "duns_4": "0092327520000", "annual_revenue": 0, "name": "SRI International", "cage": "03652", "sam_expiration_date": "2015-03-18T19:23:45Z", "sam_status": "ACTIVE", "sam_activation_date": "2014-03-18T19:45:18Z", "sam_address": "333 RAVENSWOOD AVE", "sam_exclusion": false, "pm_email": "David.Scott@sri.com", "pm_phone": "703-310-1251", "cm_phone": "609-734-2285"}, "model": "vendor.vendor", "pk": 160}, {"fields": {"sam_citystate": "ANDOVER, MA 01810", "duns": "069341972", "number_of_employees": 0, "cm_name": "Tiffany N. Faircloth", "pm_name": "Robert Dallen", "sam_url": null, "cm_email": "Tiffany.faircloth@tasc.com", "setasides": [], "duns_4": "0693419720000", "annual_revenue": 0, "name": "TASC, Inc.", "cage": "4A457", "sam_expiration_date": "2015-08-25T15:09:22Z", "sam_status": "ACTIVE", "sam_activation_date": "2014-08-25T15:15:56Z", "sam_address": "35 New England Business Ctr Dr Ste 200 ", "sam_exclusion": false, "pm_email": "Robert.dallen@tasc.com", "pm_phone": "703-653-5706", "cm_phone": "703-653-5706"}, "model": "vendor.vendor", "pk": 161}, {"fields": {"sam_citystate": "PASADENA, CA 91107", "duns": "045224250", "number_of_employees": 0, "cm_name": "Barbara Peterson", "pm_name": "William R. Brownlie, PhD, PE", "sam_url": "http://www.tetratech.com/", "cm_email": "OASIS@tetratech.com", "setasides": [], "duns_4": "0452242500000", "annual_revenue": 0, "name": "Tetra Tech, Inc.", "cage": "078E8", "sam_expiration_date": "2015-04-29T19:13:55Z", "sam_status": "ACTIVE", "sam_activation_date": "2014-04-29T19:30:08Z", "sam_address": "3475 E FOOTHILL BLVD", "sam_exclusion": false, "pm_email": "bill.brownlie@tetratech.com", "pm_phone": "626-470-2302", "cm_phone": "626-470-2407"}, "model": "vendor.vendor", "pk": 162}, {"fields": {"sam_citystate": null, "duns": "965519098", "number_of_employees": 1900, "cm_name": "Zachary O. McCready", "pm_name": "Stephen Falatko", "sam_url": null, "cm_email": "zach.o.mccready@thesiorg.com", "setasides": [], "duns_4": "9655190980000", "annual_revenue": 650000000, "name": "The SI Organization, Inc.", "cage": null, "sam_expiration_date": null, "sam_status": null, "sam_activation_date": null, "sam_address": null, "sam_exclusion": null, "pm_email": "stephen.falatko@thesiorg.com", "pm_phone": "571-313-6276", "cm_phone": "703-489-2964"}, "model": "vendor.vendor", "pk": 163}, {"fields": {"sam_citystate": "RESTON, VA 20190", "duns": "150780674", "number_of_employees": 30000, "cm_name": "Anne Pope", "pm_name": "Erik TerHaar", "sam_url": "http://www.unisys.com", "cm_email": "OASIS@unisys.com", "setasides": [], "duns_4": "1507806740000", "annual_revenue": 5699999744, "name": "Unisys Corporation", "cage": "4W798", "sam_expiration_date": "2015-07-14T17:27:58Z", "sam_status": "ACTIVE", "sam_activation_date": "2014-07-14T17:47:08Z", "sam_address": "11720 PLAZA AMERICA DR TOWER III", "sam_exclusion": false, "pm_email": "OASIS@unisys.com", "pm_phone": "703-439-5437", "cm_phone": "770-887-9872"}, "model": "vendor.vendor", "pk": 164}, {"fields": {"sam_citystate": "GERMANTOWN, MD 20876", "duns": "961530545", "number_of_employees": 49000, "cm_name": "Kyle Renehan", "pm_name": "James Daly", "sam_url": "http://www.urscorp.com/", "cm_email": "FS.OASIS.COCM@URS.COM", "setasides": [], "duns_4": "9615305450000", "annual_revenue": 9898200000, "name": "URS Federal Services, Inc.", "cage": "5W3V7", "sam_expiration_date": "2015-07-09T11:20:19Z", "sam_status": "ACTIVE", "sam_activation_date": "2014-07-09T11:30:12Z", "sam_address": "20501 SENECA MEADOWS PKWY STE 300", "sam_exclusion": false, "pm_email": "FS.OASIS.COPM@URS.COM", "pm_phone": "732-259-0795", "cm_phone": "301-944-3224"}, "model": "vendor.vendor", "pk": 165}, {"fields": {"sam_citystate": "ALPHARETTA, GA 30009", "duns": "611952255", "number_of_employees": null, "cm_name": "Cathy S. Kilcoyne", "pm_name": "William L. Stewart", "sam_url": null, "cm_email": "OASIS@vt-group.com", "setasides": [], "duns_4": "6119522550000", "annual_revenue": null, "name": "VT Services, Inc.", "cage": "47V05", "sam_expiration_date": "2015-07-03T13:31:10Z", "sam_status": "ACTIVE", "sam_activation_date": "2014-07-03T14:17:28Z", "sam_address": "10745 WESTSIDE WAY STE 300", "sam_exclusion": false, "pm_email": "OASIS@vt-group.com", "pm_phone": "256-799-5951", "cm_phone": "757-217-0742"}, "model": "vendor.vendor", "pk": 166}, {"fields": {"sam_citystate": "Huntsville, AL 35806", "duns": "041024415", "number_of_employees": 0, "cm_name": "Tina Norris", "pm_name": "Stephan Nadeau", "sam_url": "http://www.wylelabs.com", "cm_email": "oasis@wyle.com", "setasides": [], "duns_4": "0410244150000", "annual_revenue": 0, "name": "Wyle Laboratories, Inc.", "cage": "2B360", "sam_expiration_date": "2015-07-08T13:19:04Z", "sam_status": "ACTIVE", "sam_activation_date": "2014-07-08T13:49:01Z", "sam_address": "345 Bob Heath Dr ", "sam_exclusion": false, "pm_email": "oasis@wyle.com", "pm_phone": "781-771-0787", "cm_phone": "301-863-4415"}, "model": "vendor.vendor", "pk": 167}, {"fields": {"sam_citystate": "Andover, MA 01810", "duns": "001014182", "number_of_employees": 0, "cm_name": "Sewanee Johnson", "pm_name": "Chip Taylor", "sam_url": "www.drc.com", "cm_email": "Sewanee.Johnson@EngilityCorp.com", "setasides": [], "duns_4": "0010141820000", "annual_revenue": 0, "name": "Dynamics Research Corporation", "cage": "23383", "sam_expiration_date": "2015-09-16T10:35:23Z", "sam_status": "ACTIVE", "sam_activation_date": "2014-09-16T11:37:02Z", "sam_address": "2 Tech Dr ", "sam_exclusion": false, "pm_email": "Chip.Taylor@EngilityCorp.com", "pm_phone": "703-707-2772", "cm_phone": "703-664-6274"}, "model": "vendor.vendor", "pk": 168}, {"fields": {"sam_citystate": "FAIRFAX, VA 22031", "duns": "806026852", "number_of_employees": 645, "cm_name": "Brett J. Surbey", "pm_name": "Peter Santighian", "sam_url": "http://www.ecs-federal.com", "cm_email": "OASIS@ecs-federal.com", "setasides": [], "duns_4": "8060268520000", "annual_revenue": 85647808, "name": "ECS Federal Inc.", "cage": "1T1E5", "sam_expiration_date": "2015-04-10T15:56:10Z", "sam_status": "ACTIVE", "sam_activation_date": "2014-04-10T16:31:26Z", "sam_address": "2750 PROSPERITY AVE STE 600", "sam_exclusion": false, "pm_email": "OASIS@ecs-federal.com", "pm_phone": "703-270-1540 x 1009", "cm_phone": "703-270-1540 x 1045"}, "model": "vendor.vendor", "pk": 169}, {"fields": {"sam_citystate": "FAIRFAX, VA 22030", "duns": "067641597", "number_of_employees": 9400, "cm_name": "Janet L. Skahill", "pm_name": "Michael McHugh", "sam_url": "http://www.gdit.com", "cm_email": "janet.skahill@gdit.com", "setasides": [], "duns_4": "0676415970000", "annual_revenue": 1200000000, "name": "General Dynamics Information Technology, Inc.", "cage": "07MU1", "sam_expiration_date": "2015-05-05T15:03:06Z", "sam_status": "ACTIVE", "sam_activation_date": "2014-05-05T15:19:45Z", "sam_address": "3211 JERMANTOWN RD", "sam_exclusion": false, "pm_email": "GDITGSA@gdit.com", "pm_phone": "703-995-5373", "cm_phone": "703-995-6724"}, "model": "vendor.vendor", "pk": 170}, {"fields": {"sam_citystate": "ALEXANDRIA, VA 22314", "duns": "128159105", "number_of_employees": 22000, "cm_name": "Regina Samuels", "pm_name": "Bethany Lee", "sam_url": "http://www.grantthornton.com", "cm_email": "regina.samuels@us.gt.com", "setasides": [], "duns_4": "1281591050000", "annual_revenue": 184000000, "name": "Grant Thornton, LLP", "cage": "1CDS1", "sam_expiration_date": "2015-08-25T15:14:37Z", "sam_status": "ACTIVE", "sam_activation_date": "2014-08-25T15:30:49Z", "sam_address": "333 JOHN CARLYLE ST STE 500", "sam_exclusion": false, "pm_email": "bethany.lee@us.gt.com", "pm_phone": "703-637-2717", "cm_phone": "703-637-2835"}, "model": "vendor.vendor", "pk": 171}, {"fields": {"sam_citystate": "ALEXANDRIA, VA 22314", "duns": "186576310", "number_of_employees": 394, "cm_name": "Mary Embrey", "pm_name": "Dave Zorzi", "sam_url": "www.kearneyco.com", "cm_email": "mary.embrey@kearneyco.com", "setasides": [], "duns_4": "1865763100000", "annual_revenue": 56896584, "name": "Kearney & Company, P.C.", "cage": "1SJ14", "sam_expiration_date": "2015-07-11T09:31:31Z", "sam_status": "ACTIVE", "sam_activation_date": "2014-07-11T09:45:20Z", "sam_address": "1701 DUKE ST STE 500", "sam_exclusion": false, "pm_email": "dave.zorzi@kearneyco.com", "pm_phone": "703-931-5600", "cm_phone": "703-931-5600"}, "model": "vendor.vendor", "pk": 172}, {"fields": {"sam_citystate": "CHICAGO, IL 60637", "duns": "069512291", "number_of_employees": 1200, "cm_name": "David Kaplan", "pm_name": "Jeffrey Hackett", "sam_url": "http://www.norc.org/", "cm_email": "Kaplan-david@norc.org", "setasides": [], "duns_4": "0695122910000", "annual_revenue": 45538724, "name": "National Opinion Research Center", "cage": "8A395", "sam_expiration_date": "2015-04-15T12:07:38Z", "sam_status": "ACTIVE", "sam_activation_date": "2014-04-15T12:30:38Z", "sam_address": "1155 E 60TH ST", "sam_exclusion": false, "pm_email": "Hackett-jeffrey@norc.org", "pm_phone": "312-759-4266", "cm_phone": "312-357-3860"}, "model": "vendor.vendor", "pk": 173}, {"fields": {"sam_citystate": "CHICAGO, IL 60606", "duns": "022582428", "number_of_employees": 2400, "cm_name": "Anne Jacobs", "pm_name": "Jeff Moor", "sam_url": null, "cm_email": "OASIS@Navigant.com", "setasides": [], "duns_4": "0225824280000", "annual_revenue": 600000000, "name": "Navigant Consulting, Inc.", "cage": "1HLR9", "sam_expiration_date": "2015-06-26T16:10:50Z", "sam_status": "ACTIVE", "sam_activation_date": "2014-06-26T16:30:56Z", "sam_address": "30 S WACKER DR STE 3550", "sam_exclusion": false, "pm_email": "OASIS@Navigant.com", "pm_phone": "215-832-4422", "cm_phone": "202-973-3124"}, "model": "vendor.vendor", "pk": 174}, {"fields": {"sam_citystate": "MCLEAN, VA 22102", "duns": "017035762", "number_of_employees": 30000, "cm_name": "Richard Rodman", "pm_name": "Richard Rodman", "sam_url": null, "cm_email": "richard.rodman@us.pwc.com", "setasides": [], "duns_4": "0170357620000", "annual_revenue": 1841600000, "name": "PricewaterhouseCoopers, LLP", "cage": "041Y0", "sam_expiration_date": "2015-08-04T16:56:49Z", "sam_status": "ACTIVE", "sam_activation_date": "2014-08-04T17:15:12Z", "sam_address": "1800 TYSON BLVD 9TH FL", "sam_exclusion": false, "pm_email": "richard.rodman@us.pwc.com", "pm_phone": "703-918-1007", "cm_phone": "703-918-1007"}, "model": "vendor.vendor", "pk": 175}, {"fields": {"sam_citystate": "Research Triangle Park, NC 27709", "duns": "004868105", "number_of_employees": 2507, "cm_name": "Don K. Enichen", "pm_name": "Don K. Enichen", "sam_url": "http://www.rti.org", "cm_email": "enichen@rti.org", "setasides": [], "duns_4": "0048681050000", "annual_revenue": 4675999744, "name": "Research Triangle Institute dba RTI International", "cage": "3A730", "sam_expiration_date": "2015-04-15T11:24:11Z", "sam_status": "ACTIVE", "sam_activation_date": "2014-04-15T11:46:18Z", "sam_address": "3040 Cornwallis Rd", "sam_exclusion": false, "pm_email": "enichen@rti.org", "pm_phone": "919-541-6634", "cm_phone": "919-541-6634"}, "model": "vendor.vendor", "pk": 176}, {"fields": {"sam_citystate": "GARDENDALE, AL 35071", "duns": "102091550", "number_of_employees": 110, "cm_name": "Rhodes Davis", "pm_name": "Irene vendorgate", "sam_url": "http://www.teksouth.com", "cm_email": "COCM.OASIS@Teksouth.com", "setasides": [], "duns_4": "1020915500000", "annual_revenue": 9000000, "name": "Teksouth Corporation", "cage": "0WXG1", "sam_expiration_date": "2015-09-12T11:50:09Z", "sam_status": "ACTIVE", "sam_activation_date": "2014-09-12T12:00:28Z", "sam_address": "1420 NORTHBROOK DR STE 220", "sam_exclusion": false, "pm_email": "COPM.OASIS@Teksouth.com", "pm_phone": "256.705.2812", "cm_phone": "205-631-1500"}, "model": "vendor.vendor", "pk": 177}, {"fields": {"sam_citystate": "Reston, VA 20190", "duns": "114921872", "number_of_employees": 37, "cm_name": "Rosemarie Floyd", "pm_name": "Peter Menard", "sam_url": "http://www.terathink.com", "cm_email": "rfloyd@terathink.com", "setasides": [15], "duns_4": "1149218720000", "annual_revenue": 5374038, "name": "TeraThink", "cage": "3SWH2", "sam_expiration_date": "2015-08-13T13:25:38Z", "sam_status": "ACTIVE", "sam_activation_date": "2014-08-13T13:45:33Z", "sam_address": "11955 Freedom Dr Ste 780", "sam_exclusion": false, "pm_email": "pmenard@terathink.com", "pm_phone": "703-773-6232 x 1003", "cm_phone": "703-663-2777"}, "model": "vendor.vendor", "pk": 178}, {"fields": {"sam_citystate": "BOWIE, MD 20716", "duns": "161579735", "number_of_employees": 350, "cm_name": "Angelita P. Espiritu", "pm_name": "Jennifer R. Smith", "sam_url": "http://www.milcorp.com", "cm_email": "aespiritu@milcorp.com", "setasides": [], "duns_4": "1615797350000", "annual_revenue": 31624644, "name": "The MIL Corporation", "cage": "0CA21", "sam_expiration_date": "2015-05-01T10:29:11Z", "sam_status": "ACTIVE", "sam_activation_date": "2014-05-01T10:45:37Z", "sam_address": "4000 MITCHELLVILLE RD STE A210", "sam_exclusion": false, "pm_email": "jsmith@milcorp.com", "pm_phone": "301-805-8500", "cm_phone": "301-809-1329"}, "model": "vendor.vendor", "pk": 179}, {"fields": {"sam_citystate": "Rockville, MD 20850", "duns": "049508120", "number_of_employees": 0, "cm_name": "William Ogletree", "pm_name": "Payton Smith", "sam_url": "http://www.westat.com", "cm_email": "OASISCOCM@westat.com", "setasides": [], "duns_4": "0495081200000", "annual_revenue": 0, "name": "Westat, Inc.", "cage": "1D075", "sam_expiration_date": "2015-04-15T07:40:22Z", "sam_status": "ACTIVE", "sam_activation_date": "2014-04-15T08:12:32Z", "sam_address": "1600 Research Blvd", "sam_exclusion": false, "pm_email": "OASISCOPM@westat.com", "pm_phone": "301-294-2090", "cm_phone": "240-453-2665"}, "model": "vendor.vendor", "pk": 180}, {"fields": {"sam_citystate": "Chantilly, VA 20151", "duns": "077799799", "number_of_employees": 1300, "cm_name": "Jack Baker", "pm_name": "Ruth Bowers", "sam_url": null, "cm_email": "John.Baker@AmericanSytems.com", "setasides": [], "duns_4": "0777997990000", "annual_revenue": 135531712, "name": "American Systems Corporation", "cage": "61443", "sam_expiration_date": "2015-06-19T10:10:55Z", "sam_status": "ACTIVE", "sam_activation_date": "2014-06-19T10:30:10Z", "sam_address": "14151 Park Meadow Dr Ste 500", "sam_exclusion": false, "pm_email": "Ruth.Bowers@AmericanSystems.com", "pm_phone": "703-968-5022", "cm_phone": "703-968-5225"}, "model": "vendor.vendor", "pk": 181}, {"fields": {"sam_citystate": "Chantilly, VA 20151", "duns": "114896066", "number_of_employees": 0, "cm_name": "Ken Logerwell", "pm_name": "Ted Buford", "sam_url": "http://WWW.CACI.COM", "cm_email": "klogerwell@caci.com", "setasides": [], "duns_4": "1148960660000", "annual_revenue": 0, "name": "CACI, Inc. Federal", "cage": "1QU78", "sam_expiration_date": "2015-05-22T12:48:40Z", "sam_status": "ACTIVE", "sam_activation_date": "2014-05-22T13:00:19Z", "sam_address": "14370 Newbrook Drive ", "sam_exclusion": false, "pm_email": "tbuford@caci.com", "pm_phone": "703-679-4177", "cm_phone": "703-679-3406"}, "model": "vendor.vendor", "pk": 182}, {"fields": {"sam_citystate": "SAN DIEGO, CA 92106", "duns": "839179272", "number_of_employees": 1916, "cm_name": "Deb Aitkin", "pm_name": "L.E. \"Gene\" Frazier", "sam_url": "https://www.cai.cubic.com", "cm_email": "deb.aitkin@cubic.com", "setasides": [], "duns_4": "8391792720000", "annual_revenue": 120000000, "name": "Cubic Applications, Inc. Technical Services International", "cage": "00BW7", "sam_expiration_date": "2015-02-20T17:20:32Z", "sam_status": "ACTIVE", "sam_activation_date": "2014-02-20T17:45:12Z", "sam_address": "2280 HISTORIC DECATUR RD STE 200", "sam_exclusion": false, "pm_email": "eugene.frazier@cubic.com", "pm_phone": "757-722-0717 x 1727", "cm_phone": "360-923-3402"}, "model": "vendor.vendor", "pk": 183}, {"fields": {"sam_citystate": "Atlanta, GA 30318", "duns": "364124651", "number_of_employees": 4129, "cm_name": "Lakita Brooks", "pm_name": "Timothy S. Floyd", "sam_url": "http://www.gatech.edu", "cm_email": "lbrooks@gatech.edu", "setasides": [], "duns_4": "3641246510000", "annual_revenue": 16, "name": "Georgia Tech Applied Research Corporation", "cage": "1FEZ4", "sam_expiration_date": "2015-08-18T15:23:12Z", "sam_status": "ACTIVE", "sam_activation_date": "2014-08-18T15:49:01Z", "sam_address": "505 10th St ", "sam_exclusion": false, "pm_email": "timothy.floyd@gtri.gatech.edu", "pm_phone": "404-407-7204", "cm_phone": "404-894-6923"}, "model": "vendor.vendor", "pk": 184}, {"fields": {"sam_citystate": "Mc Lean, VA 22102", "duns": "053385738", "number_of_employees": 0, "cm_name": "Susan D. Ford", "pm_name": "Tom Hardcastle", "sam_url": "HTTP://WWW.LMI.ORG", "cm_email": "sford2@lmi.org", "setasides": [], "duns_4": "0533857380000", "annual_revenue": 0, "name": "Logistics Management Institute", "cage": "2D675", "sam_expiration_date": "2015-06-10T10:23:10Z", "sam_status": "ACTIVE", "sam_activation_date": "2014-06-10T10:45:35Z", "sam_address": "2000 Corporate Rdg", "sam_exclusion": false, "pm_email": "thardcastle@lmi.org", "pm_phone": "703-917-7273", "cm_phone": "703-917-7524"}, "model": "vendor.vendor", "pk": 185}, {"fields": {"sam_citystate": "DAYTON, OH 45430", "duns": "096500483", "number_of_employees": 1012, "cm_name": "Bryce Skinn", "pm_name": "Jim Soos", "sam_url": null, "cm_email": "OASIS@macb.com", "setasides": [], "duns_4": "0965004830000", "annual_revenue": 95000000, "name": "MacAulay-Brown, Inc", "cage": "4R389", "sam_expiration_date": "2015-04-14T17:05:54Z", "sam_status": "ACTIVE", "sam_activation_date": "2014-04-14T17:30:43Z", "sam_address": "4021 EXECUTIVE DR", "sam_exclusion": false, "pm_email": "OASIS@macb.com", "pm_phone": "215-348-8149", "cm_phone": "937-426-3421"}, "model": "vendor.vendor", "pk": 186}, {"fields": {"naics": [1, 2, 3, 4, 5, 6, 7, 8, 9, 10, 11, 12, 13, 14, 15, 16, 17, 18, 19, 20, 21], "threshold": "$14 million", "number": "1", "vehicle": "OASISSB", "name": "Management, Scientific, and Technical Services"}, "model": "vendor.pool", "pk": "1_SB"}, {"fields": {"naics": [1, 2, 3, 4, 5, 6, 7, 8, 9, 10, 11, 12, 13, 14, 15, 16, 17, 18, 19, 20, 21], "threshold": "$14 million", "number": "1", "vehicle": "OASIS", "name": "Management, Scientific, and Technical Services"}, "model": "vendor.pool", "pk": "1_UR"}, {"fields": {"naics": [22, 23, 24, 25, 26], "threshold": "$19 million", "number": "2", "vehicle": "OASISSB", "name": "Financial and Accounting Services"}, "model": "vendor.pool", "pk": "2_SB"}, {"fields": {"naics": [22, 23, 24, 25, 26], "threshold": "$19 million", "number": "2", "vehicle": "OASIS", "name": "Financial and Accounting Services"}, "model": "vendor.pool", "pk": "2_UR"}, {"fields": {"naics": [27, 28, 29], "threshold": "$35.5 million", "number": "3", "vehicle": "OASISSB", "name": "Military, Marine, and Energy Engineering"}, "model": "vendor.pool", "pk": "3_SB"}, {"fields": {"naics": [27, 28, 29], "threshold": "$35.5 million", "number": "3", "vehicle": "OASIS", "name": "Military, Marine, and Energy Engineering"}, "model": "vendor.pool", "pk": "3_UE"}, {"fields": {"naics": [30, 31], "threshold": "500 Employee", "number": "4", "vehicle": "OASISSB", "name": "Scientific Research and Development"}, "model": "vendor.pool", "pk": "4_SB"}, {"fields": {"naics": [30, 31], "threshold": "500 Employee", "number": "4", "vehicle": "OASIS", "name": "Scientific Research and Development"}, "model": "vendor.pool", "pk": "4_UR"}, {"fields": {"naics": [32], "threshold": "1000 Employee", "number": "5A", "vehicle": "OASISSB", "name": "Aircraft Parts and Engines Research and Development"}, "model": "vendor.pool", "pk": "5A_SB"}, {"fields": {"naics": [32], "threshold": "1000 Employee", "number": "5A", "vehicle": "OASIS", "name": "Aircraft Parts and Engines Research and Development"}, "model": "vendor.pool", "pk": "5A_UR"}, {"fields": {"naics": [33], "threshold": "1000 Employee", "number": "5B", "vehicle": "OASISSB", "name": "Space and Missiles Research and Development"}, "model": "vendor.pool", "pk": "5B_SB"}, {"fields": {"naics": [33], "threshold": "1000 Employee", "number": "5B", "vehicle": "OASIS", "name": "Space and Missiles Research and Development"}, "model": "vendor.pool", "pk": "5B_UR"}, {"fields": {"naics": [34], "threshold": "1500 Employee ", "number": "6", "vehicle": "OASISSB", "name": "Aircraft Research and Development"}, "model": "vendor.pool", "pk": "6_SB"}, {"fields": {"naics": [34], "threshold": "1500 Employee ", "number": "6", "vehicle": "OASIS", "name": "Aircraft Research and Development"}, "model": "vendor.pool", "pk": "6_UR"}, {"fields": {"vendor": 1, "pool": "1_SB", "piid": "GS00Q14OADS101"}, "model": "vendor.poolpiid", "pk": 1}, {"fields": {"vendor": 2, "pool": "1_SB", "piid": "GS00Q14OADS102"}, "model": "vendor.poolpiid", "pk": 2}, {"fields": {"vendor": 3, "pool": "1_SB", "piid": "GS00Q14OADS103"}, "model": "vendor.poolpiid", "pk": 3}, {"fields": {"vendor": 4, "pool": "1_SB", "piid": "GS00Q14OADS104"}, "model": "vendor.poolpiid", "pk": 4}, {"fields": {"vendor": 5, "pool": "1_SB", "piid": "GS00Q14OADS144"}, "model": "vendor.poolpiid", "pk": 5}, {"fields": {"vendor": 6, "pool": "1_SB", "piid": "GS00Q14OADS106"}, "model": "vendor.poolpiid", "pk": 6}, {"fields": {"vendor": 7, "pool": "1_SB", "piid": "GS00Q14OADS107"}, "model": "vendor.poolpiid", "pk": 7}, {"fields": {"vendor": 8, "pool": "1_SB", "piid": "GS00Q14OADS108"}, "model": "vendor.poolpiid", "pk": 8}, {"fields": {"vendor": 9, "pool": "1_SB", "piid": "GS00Q14OADS110"}, "model": "vendor.poolpiid", "pk": 9}, {"fields": {"vendor": 10, "pool": "1_SB", "piid": "GS00Q14OADS111"}, "model": "vendor.poolpiid", "pk": 10}, {"fields": {"vendor": 11, "pool": "1_SB", "piid": "GS00Q14OADS112"}, "model": "vendor.poolpiid", "pk": 11}, {"fields": {"vendor": 12, "pool": "1_SB", "piid": "GS00Q14OADS113"}, "model": "vendor.poolpiid", "pk": 12}, {"fields": {"vendor": 13, "pool": "1_SB", "piid": "GS00Q14OADS114"}, "model": "vendor.poolpiid", "pk": 13}, {"fields": {"vendor": 14, "pool": "1_SB", "piid": "GS00Q14OADS115"}, "model": "vendor.poolpiid", "pk": 14}, {"fields": {"vendor": 15, "pool": "1_SB", "piid": "GS00Q14OADS116"}, "model": "vendor.poolpiid", "pk": 15}, {"fields": {"vendor": 16, "pool": "1_SB", "piid": "GS00Q14OADS117"}, "model": "vendor.poolpiid", "pk": 16}, {"fields": {"vendor": 17, "pool": "1_SB", "piid": "GS00Q14OADS118"}, "model": "vendor.poolpiid", "pk": 17}, {"fields": {"vendor": 18, "pool": "1_SB", "piid": "GS00Q14OADS119"}, "model": "vendor.poolpiid", "pk": 18}, {"fields": {"vendor": 19, "pool": "1_SB", "piid": "GS00Q14OADS120"}, "model": "vendor.poolpiid", "pk": 19}, {"fields": {"vendor": 20, "pool": "1_SB", "piid": "GS00Q14OADS121"}, "model": "vendor.poolpiid", "pk": 20}, {"fields": {"vendor": 21, "pool": "1_SB", "piid": "GS00Q14OADS122"}, "model": "vendor.poolpiid", "pk": 21}, {"fields": {"vendor": 22, "pool": "1_SB", "piid": "GS00Q14OADS123"}, "model": "vendor.poolpiid", "pk": 22}, {"fields": {"vendor": 23, "pool": "1_SB", "piid": "GS00Q14OADS124"}, "model": "vendor.poolpiid", "pk": 23}, {"fields": {"vendor": 24, "pool": "1_SB", "piid": "GS00Q14OADS125"}, "model": "vendor.poolpiid", "pk": 24}, {"fields": {"vendor": 25, "pool": "1_SB", "piid": "GS00Q14OADS126"}, "model": "vendor.poolpiid", "pk": 25}, {"fields": {"vendor": 26, "pool": "1_SB", "piid": "GS00Q14OADS127"}, "model": "vendor.poolpiid", "pk": 26}, {"fields": {"vendor": 27, "pool": "1_SB", "piid": "GS00Q14OADS128"}, "model": "vendor.poolpiid", "pk": 27}, {"fields": {"vendor": 28, "pool": "1_SB", "piid": "GS00Q14OADS129"}, "model": "vendor.poolpiid", "pk": 28}, {"fields": {"vendor": 29, "pool": "1_SB", "piid": "GS00Q14OADS130"}, "model": "vendor.poolpiid", "pk": 29}, {"fields": {"vendor": 30, "pool": "1_SB", "piid": "GS00Q14OADS131"}, "model": "vendor.poolpiid", "pk": 30}, {"fields": {"vendor": 31, "pool": "1_SB", "piid": "GS00Q14OADS132"}, "model": "vendor.poolpiid", "pk": 31}, {"fields": {"vendor": 32, "pool": "1_SB", "piid": "GS00Q14OADS133"}, "model": "vendor.poolpiid", "pk": 32}, {"fields": {"vendor": 33, "pool": "1_SB", "piid": "GS00Q14OADS134"}, "model": "vendor.poolpiid", "pk": 33}, {"fields": {"vendor": 34, "pool": "1_SB", "piid": "GS00Q14OADS135"}, "model": "vendor.poolpiid", "pk": 34}, {"fields": {"vendor": 35, "pool": "1_SB", "piid": "GS00Q14OADS137"}, "model": "vendor.poolpiid", "pk": 35}, {"fields": {"vendor": 36, "pool": "1_SB", "piid": "GS00Q14OADS138"}, "model": "vendor.poolpiid", "pk": 36}, {"fields": {"vendor": 37, "pool": "1_SB", "piid": "GS00Q14OADS139"}, "model": "vendor.poolpiid", "pk": 37}, {"fields": {"vendor": 38, "pool": "1_SB", "piid": "GS00Q14OADS141"}, "model": "vendor.poolpiid", "pk": 38}, {"fields": {"vendor": 39, "pool": "1_SB", "piid": "GS00Q14OADS142"}, "model": "vendor.poolpiid", "pk": 39}, {"fields": {"vendor": 40, "pool": "1_SB", "piid": "GS00Q14OADS143"}, "model": "vendor.poolpiid", "pk": 40}, {"fields": {"vendor": 41, "pool": "2_SB", "piid": "GS00Q14OADS201"}, "model": "vendor.poolpiid", "pk": 41}, {"fields": {"vendor": 42, "pool": "2_SB", "piid": "GS00Q14OADS203"}, "model": "vendor.poolpiid", "pk": 42}, {"fields": {"vendor": 43, "pool": "2_SB", "piid": "GS00Q14OADS204"}, "model": "vendor.poolpiid", "pk": 43}, {"fields": {"vendor": 16, "pool": "2_SB", "piid": "GS00Q14OADS205"}, "model": "vendor.poolpiid", "pk": 44}, {"fields": {"vendor": 44, "pool": "2_SB", "piid": "GS00Q14OADS206"}, "model": "vendor.poolpiid", "pk": 45}, {"fields": {"vendor": 27, "pool": "2_SB", "piid": "GS00Q14OADS207"}, "model": "vendor.poolpiid", "pk": 46}, {"fields": {"vendor": 35, "pool": "2_SB", "piid": "GS00Q14OADS209"}, "model": "vendor.poolpiid", "pk": 47}, {"fields": {"vendor": 41, "pool": "3_SB", "piid": "GS00Q14OADS301"}, "model": "vendor.poolpiid", "pk": 48}, {"fields": {"vendor": 45, "pool": "3_SB", "piid": "GS00Q14OADS302"}, "model": "vendor.poolpiid", "pk": 49}, {"fields": {"vendor": 2, "pool": "3_SB", "piid": "GS00Q14OADS303"}, "model": "vendor.poolpiid", "pk": 50}, {"fields": {"vendor": 46, "pool": "3_SB", "piid": "GS00Q14OADS304"}, "model": "vendor.poolpiid", "pk": 51}, {"fields": {"vendor": 47, "pool": "3_SB", "piid": "GS00Q14OADS305"}, "model": "vendor.poolpiid", "pk": 52}, {"fields": {"vendor": 48, "pool": "3_SB", "piid": "GS00Q14OADS307"}, "model": "vendor.poolpiid", "pk": 53}, {"fields": {"vendor": 49, "pool": "3_SB", "piid": "GS00Q14OADS308"}, "model": "vendor.poolpiid", "pk": 54}, {"fields": {"vendor": 50, "pool": "3_SB", "piid": "GS00Q14OADS309"}, "model": "vendor.poolpiid", "pk": 55}, {"fields": {"vendor": 7, "pool": "3_SB", "piid": "GS00Q14OADS310"}, "model": "vendor.poolpiid", "pk": 56}, {"fields": {"vendor": 51, "pool": "3_SB", "piid": "GS00Q14OADS312"}, "model": "vendor.poolpiid", "pk": 57}, {"fields": {"vendor": 52, "pool": "3_SB", "piid": "GS00Q14OADS313"}, "model": "vendor.poolpiid", "pk": 58}, {"fields": {"vendor": 53, "pool": "3_SB", "piid": "GS00Q14OADS314"}, "model": "vendor.poolpiid", "pk": 59}, {"fields": {"vendor": 11, "pool": "3_SB", "piid": "GS00Q14OADS315"}, "model": "vendor.poolpiid", "pk": 60}, {"fields": {"vendor": 54, "pool": "3_SB", "piid": "GS00Q14OADS316"}, "model": "vendor.poolpiid", "pk": 61}, {"fields": {"vendor": 42, "pool": "3_SB", "piid": "GS00Q14OADS317"}, "model": "vendor.poolpiid", "pk": 62}, {"fields": {"vendor": 55, "pool": "3_SB", "piid": "GS00Q14OADS318"}, "model": "vendor.poolpiid", "pk": 63}, {"fields": {"vendor": 56, "pool": "3_SB", "piid": "GS00Q14OADS344"}, "model": "vendor.poolpiid", "pk": 64}, {"fields": {"vendor": 17, "pool": "3_SB", "piid": "GS00Q14OADS319"}, "model": "vendor.poolpiid", "pk": 65}, {"fields": {"vendor": 57, "pool": "3_SB", "piid": "GS00Q14OADS320"}, "model": "vendor.poolpiid", "pk": 66}, {"fields": {"vendor": 58, "pool": "3_SB", "piid": "GS00Q14OADS321"}, "model": "vendor.poolpiid", "pk": 67}, {"fields": {"vendor": 22, "pool": "3_SB", "piid": "GS00Q14OADS322"}, "model": "vendor.poolpiid", "pk": 68}, {"fields": {"vendor": 59, "pool": "3_SB", "piid": "GS00Q14OADS323"}, "model": "vendor.poolpiid", "pk": 69}, {"fields": {"vendor": 60, "pool": "3_SB", "piid": "GS00Q14OADS324"}, "model": "vendor.poolpiid", "pk": 70}, {"fields": {"vendor": 29, "pool": "3_SB", "piid": "GS00Q14OADS326"}, "model": "vendor.poolpiid", "pk": 71}, {"fields": {"vendor": 61, "pool": "3_SB", "piid": "GS00Q14OADS343"}, "model": "vendor.poolpiid", "pk": 72}, {"fields": {"vendor": 62, "pool": "3_SB", "piid": "GS00Q14OADS327"}, "model": "vendor.poolpiid", "pk": 73}, {"fields": {"vendor": 63, "pool": "3_SB", "piid": "GS00Q14OADS328"}, "model": "vendor.poolpiid", "pk": 74}, {"fields": {"vendor": 64, "pool": "3_SB", "piid": "GS00Q14OADS329"}, "model": "vendor.poolpiid", "pk": 75}, {"fields": {"vendor": 36, "pool": "3_SB", "piid": "GS00Q14OADS331"}, "model": "vendor.poolpiid", "pk": 76}, {"fields": {"vendor": 65, "pool": "3_SB", "piid": "GS00Q14OADS332"}, "model": "vendor.poolpiid", "pk": 77}, {"fields": {"vendor": 66, "pool": "3_SB", "piid": "GS00Q14OADS333"}, "model": "vendor.poolpiid", "pk": 78}, {"fields": {"vendor": 67, "pool": "3_SB", "piid": "GS00Q14OADS334"}, "model": "vendor.poolpiid", "pk": 79}, {"fields": {"vendor": 68, "pool": "3_SB", "piid": "GS00Q14OADS335"}, "model": "vendor.poolpiid", "pk": 80}, {"fields": {"vendor": 69, "pool": "3_SB", "piid": "GS00Q14OADS336"}, "model": "vendor.poolpiid", "pk": 81}, {"fields": {"vendor": 38, "pool": "3_SB", "piid": "GS00Q14OADS337"}, "model": "vendor.poolpiid", "pk": 82}, {"fields": {"vendor": 70, "pool": "3_SB", "piid": "GS00Q14OADS339"}, "model": "vendor.poolpiid", "pk": 83}, {"fields": {"vendor": 71, "pool": "3_SB", "piid": "GS00Q14OADS340"}, "model": "vendor.poolpiid", "pk": 84}, {"fields": {"vendor": 72, "pool": "3_SB", "piid": "GS00Q14OADS341"}, "model": "vendor.poolpiid", "pk": 85}, {"fields": {"vendor": 73, "pool": "3_SB", "piid": "GS00Q14OADS342"}, "model": "vendor.poolpiid", "pk": 86}, {"fields": {"vendor": 74, "pool": "4_SB", "piid": "GS00Q14OADS438"}, "model": "vendor.poolpiid", "pk": 87}, {"fields": {"vendor": 75, "pool": "4_SB", "piid": "GS00Q14OADS401"}, "model": "vendor.poolpiid", "pk": 88}, {"fields": {"vendor": 76, "pool": "4_SB", "piid": "GS00Q14OADS402"}, "model": "vendor.poolpiid", "pk": 89}, {"fields": {"vendor": 50, "pool": "4_SB", "piid": "GS00Q14OADS403"}, "model": "vendor.poolpiid", "pk": 90}, {"fields": {"vendor": 77, "pool": "4_SB", "piid": "GS00Q14OADS404"}, "model": "vendor.poolpiid", "pk": 91}, {"fields": {"vendor": 78, "pool": "4_SB", "piid": "GS00Q14OADS405"}, "model": "vendor.poolpiid", "pk": 92}, {"fields": {"vendor": 79, "pool": "4_SB", "piid": "GS00Q14OADS406"}, "model": "vendor.poolpiid", "pk": 93}, {"fields": {"vendor": 80, "pool": "4_SB", "piid": "GS00Q14OADS407"}, "model": "vendor.poolpiid", "pk": 94}, {"fields": {"vendor": 81, "pool": "4_SB", "piid": "GS00Q14OADS409"}, "model": "vendor.poolpiid", "pk": 95}, {"fields": {"vendor": 82, "pool": "4_SB", "piid": "GS00Q14OADS408"}, "model": "vendor.poolpiid", "pk": 96}, {"fields": {"vendor": 83, "pool": "4_SB", "piid": "GS00Q14OADS410"}, "model": "vendor.poolpiid", "pk": 97}, {"fields": {"vendor": 84, "pool": "4_SB", "piid": "GS00Q14OADS411"}, "model": "vendor.poolpiid", "pk": 98}, {"fields": {"vendor": 85, "pool": "4_SB", "piid": "GS00Q14OADS412"}, "model": "vendor.poolpiid", "pk": 99}, {"fields": {"vendor": 86, "pool": "4_SB", "piid": "GS00Q14OADS413"}, "model": "vendor.poolpiid", "pk": 100}, {"fields": {"vendor": 87, "pool": "4_SB", "piid": "GS00Q14OADS414"}, "model": "vendor.poolpiid", "pk": 101}, {"fields": {"vendor": 18, "pool": "4_SB", "piid": "GS00Q14OADS415"}, "model": "vendor.poolpiid", "pk": 102}, {"fields": {"vendor": 88, "pool": "4_SB", "piid": "GS00Q14OADS416"}, "model": "vendor.poolpiid", "pk": 103}, {"fields": {"vendor": 89, "pool": "4_SB", "piid": "GS00Q14OADS417"}, "model": "vendor.poolpiid", "pk": 104}, {"fields": {"vendor": 22, "pool": "4_SB", "piid": "GS00Q14OADS418"}, "model": "vendor.poolpiid", "pk": 105}, {"fields": {"vendor": 90, "pool": "4_SB", "piid": "GS00Q14OADS419"}, "model": "vendor.poolpiid", "pk": 106}, {"fields": {"vendor": 60, "pool": "4_SB", "piid": "GS00Q14OADS420"}, "model": "vendor.poolpiid", "pk": 107}, {"fields": {"vendor": 91, "pool": "4_SB", "piid": "GS00Q14OADS421"}, "model": "vendor.poolpiid", "pk": 108}, {"fields": {"vendor": 92, "pool": "4_SB", "piid": "GS00Q14OADS422"}, "model": "vendor.poolpiid", "pk": 109}, {"fields": {"vendor": 93, "pool": "4_SB", "piid": "GS00Q14OADS423"}, "model": "vendor.poolpiid", "pk": 110}, {"fields": {"vendor": 94, "pool": "4_SB", "piid": "GS00Q14OADS424"}, "model": "vendor.poolpiid", "pk": 111}, {"fields": {"vendor": 95, "pool": "4_SB", "piid": "GS00Q14OADS425"}, "model": "vendor.poolpiid", "pk": 112}, {"fields": {"vendor": 96, "pool": "4_SB", "piid": "GS00Q14OADS426"}, "model": "vendor.poolpiid", "pk": 113}, {"fields": {"vendor": 97, "pool": "4_SB", "piid": "GS00Q14OADS427"}, "model": "vendor.poolpiid", "pk": 114}, {"fields": {"vendor": 98, "pool": "4_SB", "piid": "GS00Q14OADS428"}, "model": "vendor.poolpiid", "pk": 115}, {"fields": {"vendor": 34, "pool": "4_SB", "piid": "GS00Q14OADS429"}, "model": "vendor.poolpiid", "pk": 116}, {"fields": {"vendor": 99, "pool": "4_SB", "piid": "GS00Q14OADS430"}, "model": "vendor.poolpiid", "pk": 117}, {"fields": {"vendor": 100, "pool": "4_SB", "piid": "GS00Q14OADS431"}, "model": "vendor.poolpiid", "pk": 118}, {"fields": {"vendor": 101, "pool": "4_SB", "piid": "GS00Q14OADS432"}, "model": "vendor.poolpiid", "pk": 119}, {"fields": {"vendor": 102, "pool": "4_SB", "piid": "GS00Q14OADS433"}, "model": "vendor.poolpiid", "pk": 120}, {"fields": {"vendor": 103, "pool": "4_SB", "piid": "GS00Q14OADS434"}, "model": "vendor.poolpiid", "pk": 121}, {"fields": {"vendor": 67, "pool": "4_SB", "piid": "GS00Q14OADS435"}, "model": "vendor.poolpiid", "pk": 122}, {"fields": {"vendor": 68, "pool": "4_SB", "piid": "GS00Q14OADS436"}, "model": "vendor.poolpiid", "pk": 123}, {"fields": {"vendor": 104, "pool": "4_SB", "piid": "GS00Q14OADS437"}, "model": "vendor.poolpiid", "pk": 124}, {"fields": {"vendor": 105, "pool": "4_SB", "piid": "GS00Q14OADS439"}, "model": "vendor.poolpiid", "pk": 125}, {"fields": {"vendor": 106, "pool": "4_SB", "piid": "GS00Q14OADS440"}, "model": "vendor.poolpiid", "pk": 126}, {"fields": {"vendor": 73, "pool": "4_SB", "piid": "GS00Q14OADS441"}, "model": "vendor.poolpiid", "pk": 127}, {"fields": {"vendor": 46, "pool": "5A_SB", "piid": "GS00Q14OADS501"}, "model": "vendor.poolpiid", "pk": 128}, {"fields": {"vendor": 107, "pool": "5A_SB", "piid": "GS00Q14OADS503"}, "model": "vendor.poolpiid", "pk": 129}, {"fields": {"vendor": 80, "pool": "5A_SB", "piid": "GS00Q14OADS504"}, "model": "vendor.poolpiid", "pk": 130}, {"fields": {"vendor": 85, "pool": "5A_SB", "piid": "GS00Q14OADS505"}, "model": "vendor.poolpiid", "pk": 131}, {"fields": {"vendor": 87, "pool": "5A_SB", "piid": "GS00Q14OADS506"}, "model": "vendor.poolpiid", "pk": 132}, {"fields": {"vendor": 89, "pool": "5A_SB", "piid": "GS00Q14OADS507"}, "model": "vendor.poolpiid", "pk": 133}, {"fields": {"vendor": 108, "pool": "5A_SB", "piid": "GS00Q14OADS508"}, "model": "vendor.poolpiid", "pk": 134}, {"fields": {"vendor": 109, "pool": "5A_SB", "piid": "GS00Q14OADS509"}, "model": "vendor.poolpiid", "pk": 135}, {"fields": {"vendor": 91, "pool": "5A_SB", "piid": "GS00Q14OADS510"}, "model": "vendor.poolpiid", "pk": 136}, {"fields": {"vendor": 110, "pool": "5A_SB", "piid": "GS00Q14OADS511"}, "model": "vendor.poolpiid", "pk": 137}, {"fields": {"vendor": 97, "pool": "5A_SB", "piid": "GS00Q14OADS512"}, "model": "vendor.poolpiid", "pk": 138}, {"fields": {"vendor": 34, "pool": "5A_SB", "piid": "GS00Q14OADS513"}, "model": "vendor.poolpiid", "pk": 139}, {"fields": {"vendor": 64, "pool": "5A_SB", "piid": "GS00Q14OADS514"}, "model": "vendor.poolpiid", "pk": 140}, {"fields": {"vendor": 99, "pool": "5A_SB", "piid": "GS00Q14OADS515"}, "model": "vendor.poolpiid", "pk": 141}, {"fields": {"vendor": 111, "pool": "5A_SB", "piid": "GS00Q14OADS516"}, "model": "vendor.poolpiid", "pk": 142}, {"fields": {"vendor": 101, "pool": "5A_SB", "piid": "GS00Q14OADS517"}, "model": "vendor.poolpiid", "pk": 143}, {"fields": {"vendor": 102, "pool": "5A_SB", "piid": "GS00Q14OADS518"}, "model": "vendor.poolpiid", "pk": 144}, {"fields": {"vendor": 104, "pool": "5A_SB", "piid": "GS00Q14OADS519"}, "model": "vendor.poolpiid", "pk": 145}, {"fields": {"vendor": 112, "pool": "5A_SB", "piid": "GS00Q14OADS520"}, "model": "vendor.poolpiid", "pk": 146}, {"fields": {"vendor": 105, "pool": "5A_SB", "piid": "GS00Q14OADS521"}, "model": "vendor.poolpiid", "pk": 147}, {"fields": {"vendor": 106, "pool": "5A_SB", "piid": "GS00Q14OADS522"}, "model": "vendor.poolpiid", "pk": 148}, {"fields": {"vendor": 113, "pool": "5B_SB", "piid": "GS00Q14OADS601"}, "model": "vendor.poolpiid", "pk": 149}, {"fields": {"vendor": 78, "pool": "5B_SB", "piid": "GS00Q14OADS603"}, "model": "vendor.poolpiid", "pk": 150}, {"fields": {"vendor": 107, "pool": "5B_SB", "piid": "GS00Q14OADS604"}, "model": "vendor.poolpiid", "pk": 151}, {"fields": {"vendor": 87, "pool": "5B_SB", "piid": "GS00Q14OADS605"}, "model": "vendor.poolpiid", "pk": 152}, {"fields": {"vendor": 108, "pool": "5B_SB", "piid": "GS00Q14OADS606"}, "model": "vendor.poolpiid", "pk": 153}, {"fields": {"vendor": 90, "pool": "5B_SB", "piid": "GS00Q14OADS607"}, "model": "vendor.poolpiid", "pk": 154}, {"fields": {"vendor": 109, "pool": "5B_SB", "piid": "GS00Q14OADS608"}, "model": "vendor.poolpiid", "pk": 155}, {"fields": {"vendor": 94, "pool": "5B_SB", "piid": "GS00Q14OADS609"}, "model": "vendor.poolpiid", "pk": 156}, {"fields": {"vendor": 110, "pool": "5B_SB", "piid": "GS00Q14OADS610"}, "model": "vendor.poolpiid", "pk": 157}, {"fields": {"vendor": 96, "pool": "5B_SB", "piid": "GS00Q14OADS611"}, "model": "vendor.poolpiid", "pk": 158}, {"fields": {"vendor": 97, "pool": "5B_SB", "piid": "GS00Q14OADS612"}, "model": "vendor.poolpiid", "pk": 159}, {"fields": {"vendor": 34, "pool": "5B_SB", "piid": "GS00Q14OADS613"}, "model": "vendor.poolpiid", "pk": 160}, {"fields": {"vendor": 99, "pool": "5B_SB", "piid": "GS00Q14OADS614"}, "model": "vendor.poolpiid", "pk": 161}, {"fields": {"vendor": 114, "pool": "5B_SB", "piid": "GS00Q14OADS615"}, "model": "vendor.poolpiid", "pk": 162}, {"fields": {"vendor": 111, "pool": "5B_SB", "piid": "GS00Q14OADS616"}, "model": "vendor.poolpiid", "pk": 163}, {"fields": {"vendor": 101, "pool": "5B_SB", "piid": "GS00Q14OADS617"}, "model": "vendor.poolpiid", "pk": 164}, {"fields": {"vendor": 102, "pool": "5B_SB", "piid": "GS00Q14OADS618"}, "model": "vendor.poolpiid", "pk": 165}, {"fields": {"vendor": 112, "pool": "5B_SB", "piid": "GS00Q14OADS619"}, "model": "vendor.poolpiid", "pk": 166}, {"fields": {"vendor": 74, "pool": "5B_SB", "piid": "GS00Q14OADS620"}, "model": "vendor.poolpiid", "pk": 167}, {"fields": {"vendor": 105, "pool": "5B_SB", "piid": "GS00Q14OADS621"}, "model": "vendor.poolpiid", "pk": 168}, {"fields": {"vendor": 106, "pool": "5B_SB", "piid": "GS00Q14OADS622"}, "model": "vendor.poolpiid", "pk": 169}, {"fields": {"vendor": 115, "pool": "5B_SB", "piid": "GS00Q14OADS623"}, "model": "vendor.poolpiid", "pk": 170}, {"fields": {"vendor": 74, "pool": "6_SB", "piid": "GS00Q14OADS736"}, "model": "vendor.poolpiid", "pk": 171}, {"fields": {"vendor": 113, "pool": "6_SB", "piid": "GS00Q14OADS701"}, "model": "vendor.poolpiid", "pk": 172}, {"fields": {"vendor": 116, "pool": "6_SB", "piid": "GS00Q14OADS702"}, "model": "vendor.poolpiid", "pk": 173}, {"fields": {"vendor": 50, "pool": "6_SB", "piid": "GS00Q14OADS703"}, "model": "vendor.poolpiid", "pk": 174}, {"fields": {"vendor": 78, "pool": "6_SB", "piid": "GS00Q14OADS704"}, "model": "vendor.poolpiid", "pk": 175}, {"fields": {"vendor": 107, "pool": "6_SB", "piid": "GS00Q14OADS705"}, "model": "vendor.poolpiid", "pk": 176}, {"fields": {"vendor": 117, "pool": "6_SB", "piid": "GS00Q14OADS706"}, "model": "vendor.poolpiid", "pk": 177}, {"fields": {"vendor": 79, "pool": "6_SB", "piid": "GS00Q14OADS707"}, "model": "vendor.poolpiid", "pk": 178}, {"fields": {"vendor": 118, "pool": "6_SB", "piid": "GS00Q14OADS708"}, "model": "vendor.poolpiid", "pk": 179}, {"fields": {"vendor": 80, "pool": "6_SB", "piid": "GS00Q14OADS709"}, "model": "vendor.poolpiid", "pk": 180}, {"fields": {"vendor": 119, "pool": "6_SB", "piid": "GS00Q14OADS710"}, "model": "vendor.poolpiid", "pk": 181}, {"fields": {"vendor": 120, "pool": "6_SB", "piid": "GS00Q14OADS741"}, "model": "vendor.poolpiid", "pk": 182}, {"fields": {"vendor": 85, "pool": "6_SB", "piid": "GS00Q14OADS711"}, "model": "vendor.poolpiid", "pk": 183}, {"fields": {"vendor": 87, "pool": "6_SB", "piid": "GS00Q14OADS712"}, "model": "vendor.poolpiid", "pk": 184}, {"fields": {"vendor": 121, "pool": "6_SB", "piid": "GS00Q14OADS713"}, "model": "vendor.poolpiid", "pk": 185}, {"fields": {"vendor": 122, "pool": "6_SB", "piid": "GS00Q14OADS714"}, "model": "vendor.poolpiid", "pk": 186}, {"fields": {"vendor": 89, "pool": "6_SB", "piid": "GS00Q14OADS715"}, "model": "vendor.poolpiid", "pk": 187}, {"fields": {"vendor": 108, "pool": "6_SB", "piid": "GS00Q14OADS716"}, "model": "vendor.poolpiid", "pk": 188}, {"fields": {"vendor": 90, "pool": "6_SB", "piid": "GS00Q14OADS717"}, "model": "vendor.poolpiid", "pk": 189}, {"fields": {"vendor": 109, "pool": "6_SB", "piid": "GS00Q14OADS718"}, "model": "vendor.poolpiid", "pk": 190}, {"fields": {"vendor": 91, "pool": "6_SB", "piid": "GS00Q14OADS719"}, "model": "vendor.poolpiid", "pk": 191}, {"fields": {"vendor": 94, "pool": "6_SB", "piid": "GS00Q14OADS720"}, "model": "vendor.poolpiid", "pk": 192}, {"fields": {"vendor": 110, "pool": "6_SB", "piid": "GS00Q14OADS721"}, "model": "vendor.poolpiid", "pk": 193}, {"fields": {"vendor": 95, "pool": "6_SB", "piid": "GS00Q14OADS722"}, "model": "vendor.poolpiid", "pk": 194}, {"fields": {"vendor": 96, "pool": "6_SB", "piid": "GS00Q14OADS723"}, "model": "vendor.poolpiid", "pk": 195}, {"fields": {"vendor": 97, "pool": "6_SB", "piid": "GS00Q14OADS724"}, "model": "vendor.poolpiid", "pk": 196}, {"fields": {"vendor": 63, "pool": "6_SB", "piid": "GS00Q14OADS725"}, "model": "vendor.poolpiid", "pk": 197}, {"fields": {"vendor": 34, "pool": "6_SB", "piid": "GS00Q14OADS726"}, "model": "vendor.poolpiid", "pk": 198}, {"fields": {"vendor": 99, "pool": "6_SB", "piid": "GS00Q14OADS727"}, "model": "vendor.poolpiid", "pk": 199}, {"fields": {"vendor": 123, "pool": "6_SB", "piid": "GS00Q14OADS728"}, "model": "vendor.poolpiid", "pk": 200}, {"fields": {"vendor": 111, "pool": "6_SB", "piid": "GS00Q14OADS729"}, "model": "vendor.poolpiid", "pk": 201}, {"fields": {"vendor": 101, "pool": "6_SB", "piid": "GS00Q14OADS730"}, "model": "vendor.poolpiid", "pk": 202}, {"fields": {"vendor": 102, "pool": "6_SB", "piid": "GS00Q14OADS731"}, "model": "vendor.poolpiid", "pk": 203}, {"fields": {"vendor": 68, "pool": "6_SB", "piid": "GS00Q14OADS732"}, "model": "vendor.poolpiid", "pk": 204}, {"fields": {"vendor": 69, "pool": "6_SB", "piid": "GS00Q14OADS733"}, "model": "vendor.poolpiid", "pk": 205}, {"fields": {"vendor": 104, "pool": "6_SB", "piid": "GS00Q14OADS734"}, "model": "vendor.poolpiid", "pk": 206}, {"fields": {"vendor": 112, "pool": "6_SB", "piid": "GS00Q14OADS735"}, "model": "vendor.poolpiid", "pk": 207}, {"fields": {"vendor": 105, "pool": "6_SB", "piid": "GS00Q14OADS737"}, "model": "vendor.poolpiid", "pk": 208}, {"fields": {"vendor": 106, "pool": "6_SB", "piid": "GS00Q14OADS738"}, "model": "vendor.poolpiid", "pk": 209}, {"fields": {"vendor": 124, "pool": "6_SB", "piid": "GS00Q14OADS739"}, "model": "vendor.poolpiid", "pk": 210}, {"fields": {"vendor": 125, "pool": "6_SB", "piid": "GS00Q14OADS740"}, "model": "vendor.poolpiid", "pk": 211}, {"fields": {"vendor": 126, "pool": "1_UR", "piid": "TBD"}, "model": "vendor.poolpiid", "pk": 212}, {"fields": {"vendor": 127, "pool": "1_UR", "piid": "`"}, "model": "vendor.poolpiid", "pk": 213}, {"fields": {"vendor": 128, "pool": "1_UR", "piid": "TBD"}, "model": "vendor.poolpiid", "pk": 214}, {"fields": {"vendor": 116, "pool": "1_UR", "piid": "GS00Q14OADU104"}, "model": "vendor.poolpiid", "pk": 215}, {"fields": {"vendor": 129, "pool": "1_UR", "piid": "GS00Q14OADU105"}, "model": "vendor.poolpiid", "pk": 216}, {"fields": {"vendor": 130, "pool": "1_UR", "piid": "GS00Q14OADU102"}, "model": "vendor.poolpiid", "pk": 217}, {"fields": {"vendor": 131, "pool": "1_UR", "piid": "GS00Q14OADU107"}, "model": "vendor.poolpiid", "pk": 218}, {"fields": {"vendor": 132, "pool": "1_UR", "piid": "GS00Q14OADU108"}, "model": "vendor.poolpiid", "pk": 219}, {"fields": {"vendor": 133, "pool": "1_UR", "piid": "GS00Q14OADU109"}, "model": "vendor.poolpiid", "pk": 220}, {"fields": {"vendor": 134, "pool": "1_UR", "piid": "GS00Q14OADU110"}, "model": "vendor.poolpiid", "pk": 221}, {"fields": {"vendor": 135, "pool": "1_UR", "piid": "GS00Q14OADU111"}, "model": "vendor.poolpiid", "pk": 222}, {"fields": {"vendor": 136, "pool": "1_UR", "piid": "GS00Q14OADU112"}, "model": "vendor.poolpiid", "pk": 223}, {"fields": {"vendor": 137, "pool": "1_UR", "piid": "TBD"}, "model": "vendor.poolpiid", "pk": 224}, {"fields": {"vendor": 119, "pool": "1_UR", "piid": "GS00Q14OADU114"}, "model": "vendor.poolpiid", "pk": 225}, {"fields": {"vendor": 138, "pool": "1_UR", "piid": "GS00Q14OADU115"}, "model": "vendor.poolpiid", "pk": 226}, {"fields": {"vendor": 139, "pool": "1_UR", "piid": "GS00Q14OADU116"}, "model": "vendor.poolpiid", "pk": 227}, {"fields": {"vendor": 140, "pool": "1_UR", "piid": "TBD"}, "model": "vendor.poolpiid", "pk": 228}, {"fields": {"vendor": 141, "pool": "1_UR", "piid": "GS00Q14OADU118"}, "model": "vendor.poolpiid", "pk": 229}, {"fields": {"vendor": 142, "pool": "1_UR", "piid": "GS00Q14OADU119"}, "model": "vendor.poolpiid", "pk": 230}, {"fields": {"vendor": 143, "pool": "1_UR", "piid": "GS00Q14OADU145"}, "model": "vendor.poolpiid", "pk": 231}, {"fields": {"vendor": 144, "pool": "1_UR", "piid": "GS00Q14OADU120"}, "model": "vendor.poolpiid", "pk": 232}, {"fields": {"vendor": 145, "pool": "1_UR", "piid": "GS00Q14OADU121"}, "model": "vendor.poolpiid", "pk": 233}, {"fields": {"vendor": 146, "pool": "1_UR", "piid": "GS00Q14OADU122"}, "model": "vendor.poolpiid", "pk": 234}, {"fields": {"vendor": 147, "pool": "1_UR", "piid": "GS00Q14OADU123"}, "model": "vendor.poolpiid", "pk": 235}, {"fields": {"vendor": 148, "pool": "1_UR", "piid": "GS00Q14OADU124"}, "model": "vendor.poolpiid", "pk": 236}, {"fields": {"vendor": 149, "pool": "1_UR", "piid": "GS00Q14OADU143"}, "model": "vendor.poolpiid", "pk": 237}, {"fields": {"vendor": 150, "pool": "1_UR", "piid": "GS00Q14OADU125"}, "model": "vendor.poolpiid", "pk": 238}, {"fields": {"vendor": 151, "pool": "1_UR", "piid": "GS00Q14OADU126"}, "model": "vendor.poolpiid", "pk": 239}, {"fields": {"vendor": 152, "pool": "1_UR", "piid": "GS00Q14OADU127"}, "model": "vendor.poolpiid", "pk": 240}, {"fields": {"vendor": 153, "pool": "1_UR", "piid": "GS00Q14OADU128"}, "model": "vendor.poolpiid", "pk": 241}, {"fields": {"vendor": 154, "pool": "1_UR", "piid": "GS00Q14OADU129"}, "model": "vendor.poolpiid", "pk": 242}, {"fields": {"vendor": 155, "pool": "1_UR", "piid": "GS00Q14OADU130"}, "model": "vendor.poolpiid", "pk": 243}, {"fields": {"vendor": 123, "pool": "1_UR", "piid": "GS00Q14OADU131"}, "model": "vendor.poolpiid", "pk": 244}, {"fields": {"vendor": 156, "pool": "1_UR", "piid": "GS00Q14OADU132"}, "model": "vendor.poolpiid", "pk": 245}, {"fields": {"vendor": 157, "pool": "1_UR", "piid": "GS00Q14OADU133"}, "model": "vendor.poolpiid", "pk": 246}, {"fields": {"vendor": 158, "pool": "1_UR", "piid": "GS00Q14OADU134"}, "model": "vendor.poolpiid", "pk": 247}, {"fields": {"vendor": 159, "pool": "1_UR", "piid": "GS00Q14OADU135"}, "model": "vendor.poolpiid", "pk": 248}, {"fields": {"vendor": 160, "pool": "1_UR", "piid": "GS00Q14OADU136"}, "model": "vendor.poolpiid", "pk": 249}, {"fields": {"vendor": 161, "pool": "1_UR", "piid": "GS00Q14OADU137"}, "model": "vendor.poolpiid", "pk": 250}, {"fields": {"vendor": 162, "pool": "1_UR", "piid": "GS00Q14OADU138"}, "model": "vendor.poolpiid", "pk": 251}, {"fields": {"vendor": 163, "pool": "1_UR", "piid": "GS00Q14OADU139"}, "model": "vendor.poolpiid", "pk": 252}, {"fields": {"vendor": 164, "pool": "1_UR", "piid": "GS00Q14OADU144"}, "model": "vendor.poolpiid", "pk": 253}, {"fields": {"vendor": 165, "pool": "1_UR", "piid": "GS00Q14OADU140"}, "model": "vendor.poolpiid", "pk": 254}, {"fields": {"vendor": 166, "pool": "1_UR", "piid": "GS00Q14OADU141"}, "model": "vendor.poolpiid", "pk": 255}, {"fields": {"vendor": 167, "pool": "1_UR", "piid": "GS00Q14OADU142"}, "model": "vendor.poolpiid", "pk": 256}, {"fields": {"vendor": 126, "pool": "2_UR", "piid": "TBD"}, "model": "vendor.poolpiid", "pk": 257}, {"fields": {"vendor": 130, "pool": "2_UR", "piid": "GS00Q14OADU201"}, "model": "vendor.poolpiid", "pk": 258}, {"fields": {"vendor": 132, "pool": "2_UR", "piid": "GS00Q14OADU203"}, "model": "vendor.poolpiid", "pk": 259}, {"fields": {"vendor": 137, "pool": "2_UR", "piid": "TBD"}, "model": "vendor.poolpiid", "pk": 260}, {"fields": {"vendor": 168, "pool": "2_UR", "piid": "GS00Q14OADU205"}, "model": "vendor.poolpiid", "pk": 261}, {"fields": {"vendor": 169, "pool": "2_UR", "piid": "GS00Q14OADU206"}, "model": "vendor.poolpiid", "pk": 262}, {"fields": {"vendor": 170, "pool": "2_UR", "piid": "GS00Q14OADU207"}, "model": "vendor.poolpiid", "pk": 263}, {"fields": {"vendor": 171, "pool": "2_UR", "piid": "GS00Q14OADU208"}, "model": "vendor.poolpiid", "pk": 264}, {"fields": {"vendor": 142, "pool": "2_UR", "piid": "GS00Q14OADU209"}, "model": "vendor.poolpiid", "pk": 265}, {"fields": {"vendor": 143, "pool": "2_UR", "piid": "GS00Q14OADU224"}, "model": "vendor.poolpiid", "pk": 266}, {"fields": {"vendor": 172, "pool": "2_UR", "piid": "GS00Q14OADU210"}, "model": "vendor.poolpiid", "pk": 267}, {"fields": {"vendor": 146, "pool": "2_UR", "piid": "GS00Q14OADU211"}, "model": "vendor.poolpiid", "pk": 268}, {"fields": {"vendor": 147, "pool": "2_UR", "piid": "GS00Q14OADU212"}, "model": "vendor.poolpiid", "pk": 269}, {"fields": {"vendor": 173, "pool": "2_UR", "piid": "GS00Q14OADU213"}, "model": "vendor.poolpiid", "pk": 270}, {"fields": {"vendor": 174, "pool": "2_UR", "piid": "GS00Q14OADU214"}, "model": "vendor.poolpiid", "pk": 271}, {"fields": {"vendor": 150, "pool": "2_UR", "piid": "GS00Q14OADU215"}, "model": "vendor.poolpiid", "pk": 272}, {"fields": {"vendor": 175, "pool": "2_UR", "piid": "TBD"}, "model": "vendor.poolpiid", "pk": 273}, {"fields": {"vendor": 176, "pool": "2_UR", "piid": "GS00Q14OADU217"}, "model": "vendor.poolpiid", "pk": 274}, {"fields": {"vendor": 155, "pool": "2_UR", "piid": "GS00Q14OADU218"}, "model": "vendor.poolpiid", "pk": 275}, {"fields": {"vendor": 156, "pool": "2_UR", "piid": "GS00Q14OADU219"}, "model": "vendor.poolpiid", "pk": 276}, {"fields": {"vendor": 177, "pool": "2_UR", "piid": "GS00Q14OADU220"}, "model": "vendor.poolpiid", "pk": 277}, {"fields": {"vendor": 178, "pool": "2_UR", "piid": "GS00Q14OADU225"}, "model": "vendor.poolpiid", "pk": 278}, {"fields": {"vendor": 179, "pool": "2_UR", "piid": "GS00Q14OADU221"}, "model": "vendor.poolpiid", "pk": 279}, {"fields": {"vendor": 164, "pool": "2_UR", "piid": "GS00Q14OADU222"}, "model": "vendor.poolpiid", "pk": 280}, {"fields": {"vendor": 180, "pool": "2_UR", "piid": "GS00Q14OADU223"}, "model": "vendor.poolpiid", "pk": 281}, {"fields": {"vendor": 126, "pool": "3_UE", "piid": "TBD"}, "model": "vendor.poolpiid", "pk": 282}, {"fields": {"vendor": 127, "pool": "3_UE", "piid": "GS00Q14OADU303"}, "model": "vendor.poolpiid", "pk": 283}, {"fields": {"vendor": 181, "pool": "3_UE", "piid": "GS00Q14OADU343"}, "model": "vendor.poolpiid", "pk": 284}, {"fields": {"vendor": 116, "pool": "3_UE", "piid": "GS00Q14OADU304"}, "model": "vendor.poolpiid", "pk": 285}, {"fields": {"vendor": 129, "pool": "3_UE", "piid": "GS00Q14OADU305"}, "model": "vendor.poolpiid", "pk": 286}, {"fields": {"vendor": 130, "pool": "3_UE", "piid": "GS00Q14OADU302"}, "model": "vendor.poolpiid", "pk": 287}, {"fields": {"vendor": 131, "pool": "3_UE", "piid": "GS00Q14OADU307"}, "model": "vendor.poolpiid", "pk": 288}, {"fields": {"vendor": 132, "pool": "3_UE", "piid": "GS00Q14OADU308"}, "model": "vendor.poolpiid", "pk": 289}, {"fields": {"vendor": 182, "pool": "3_UE", "piid": "GS00Q14OADU309"}, "model": "vendor.poolpiid", "pk": 290}, {"fields": {"vendor": 133, "pool": "3_UE", "piid": "GS00Q14OADU310"}, "model": "vendor.poolpiid", "pk": 291}, {"fields": {"vendor": 134, "pool": "3_UE", "piid": "GS00Q14OADU311"}, "model": "vendor.poolpiid", "pk": 292}, {"fields": {"vendor": 135, "pool": "3_UE", "piid": "GS00Q14OADU312"}, "model": "vendor.poolpiid", "pk": 293}, {"fields": {"vendor": 136, "pool": "3_UE", "piid": "GS00Q14OADU313"}, "model": "vendor.poolpiid", "pk": 294}, {"fields": {"vendor": 183, "pool": "3_UE", "piid": "GS00Q14OADU314"}, "model": "vendor.poolpiid", "pk": 295}, {"fields": {"vendor": 138, "pool": "3_UE", "piid": "GS00Q14OADU315"}, "model": "vendor.poolpiid", "pk": 296}, {"fields": {"vendor": 139, "pool": "3_UE", "piid": "GS00Q14OADU316"}, "model": "vendor.poolpiid", "pk": 297}, {"fields": {"vendor": 170, "pool": "3_UE", "piid": "GS00Q14OADU317"}, "model": "vendor.poolpiid", "pk": 298}, {"fields": {"vendor": 141, "pool": "3_UE", "piid": "GS00Q14OADU318"}, "model": "vendor.poolpiid", "pk": 299}, {"fields": {"vendor": 142, "pool": "3_UE", "piid": "GS00Q14OADU319"}, "model": "vendor.poolpiid", "pk": 300}, {"fields": {"vendor": 143, "pool": "3_UE", "piid": "GS00Q14OADU342"}, "model": "vendor.poolpiid", "pk": 301}, {"fields": {"vendor": 144, "pool": "3_UE", "piid": "GS00Q14OADU320"}, "model": "vendor.poolpiid", "pk": 302}, {"fields": {"vendor": 145, "pool": "3_UE", "piid": "GS00Q14OADU321"}, "model": "vendor.poolpiid", "pk": 303}, {"fields": {"vendor": 146, "pool": "3_UE", "piid": "GS00Q14OADU322"}, "model": "vendor.poolpiid", "pk": 304}, {"fields": {"vendor": 147, "pool": "3_UE", "piid": "GS00Q14OADU323"}, "model": "vendor.poolpiid", "pk": 305}, {"fields": {"vendor": 148, "pool": "3_UE", "piid": "GS00Q14OADU324"}, "model": "vendor.poolpiid", "pk": 306}, {"fields": {"vendor": 150, "pool": "3_UE", "piid": "GS00Q14OADU325"}, "model": "vendor.poolpiid", "pk": 307}, {"fields": {"vendor": 152, "pool": "3_UE", "piid": "GS00Q14OADU326"}, "model": "vendor.poolpiid", "pk": 308}, {"fields": {"vendor": 153, "pool": "3_UE", "piid": "GS00Q14OADU327"}, "model": "vendor.poolpiid", "pk": 309}, {"fields": {"vendor": 154, "pool": "3_UE", "piid": "GS00Q14OADU328"}, "model": "vendor.poolpiid", "pk": 310}, {"fields": {"vendor": 155, "pool": "3_UE", "piid": "GS00Q14OADU329"}, "model": "vendor.poolpiid", "pk": 311}, {"fields": {"vendor": 123, "pool": "3_UE", "piid": "GS00Q14OADU330"}, "model": "vendor.poolpiid", "pk": 312}, {"fields": {"vendor": 156, "pool": "3_UE", "piid": "GS00Q14OADU331"}, "model": "vendor.poolpiid", "pk": 313}, {"fields": {"vendor": 157, "pool": "3_UE", "piid": "GS00Q14OADU332"}, "model": "vendor.poolpiid", "pk": 314}, {"fields": {"vendor": 158, "pool": "3_UE", "piid": "GS00Q14OADU333"}, "model": "vendor.poolpiid", "pk": 315}, {"fields": {"vendor": 159, "pool": "3_UE", "piid": "GS00Q14OADU334"}, "model": "vendor.poolpiid", "pk": 316}, {"fields": {"vendor": 160, "pool": "3_UE", "piid": "GS00Q14OADU335"}, "model": "vendor.poolpiid", "pk": 317}, {"fields": {"vendor": 161, "pool": "3_UE", "piid": "GS00Q14OADU336"}, "model": "vendor.poolpiid", "pk": 318}, {"fields": {"vendor": 162, "pool": "3_UE", "piid": "GS00Q14OADU337"}, "model": "vendor.poolpiid", "pk": 319}, {"fields": {"vendor": 163, "pool": "3_UE", "piid": "GS00Q14OADU338"}, "model": "vendor.poolpiid", "pk": 320}, {"fields": {"vendor": 165, "pool": "3_UE", "piid": "GS00Q14OADU339"}, "model": "vendor.poolpiid", "pk": 321}, {"fields": {"vendor": 166, "pool": "3_UE", "piid": "GS00Q14OADU340"}, "model": "vendor.poolpiid", "pk": 322}, {"fields": {"vendor": 167, "pool": "3_UE", "piid": "GS00Q14OADU341"}, "model": "vendor.poolpiid", "pk": 323}, {"fields": {"vendor": 127, "pool": "4_UR", "piid": "GS00Q14OADU401"}, "model": "vendor.poolpiid", "pk": 324}, {"fields": {"vendor": 181, "pool": "4_UR", "piid": "GS00Q14OADU442"}, "model": "vendor.poolpiid", "pk": 325}, {"fields": {"vendor": 116, "pool": "4_UR", "piid": "GS00Q14OADU404"}, "model": "vendor.poolpiid", "pk": 326}, {"fields": {"vendor": 129, "pool": "4_UR", "piid": "GS00Q14OADU403"}, "model": "vendor.poolpiid", "pk": 327}, {"fields": {"vendor": 130, "pool": "4_UR", "piid": "GS00Q14OADU402"}, "model": "vendor.poolpiid", "pk": 328}, {"fields": {"vendor": 131, "pool": "4_UR", "piid": "GS00Q14OADU405"}, "model": "vendor.poolpiid", "pk": 329}, {"fields": {"vendor": 132, "pool": "4_UR", "piid": "GS00Q14OADU406"}, "model": "vendor.poolpiid", "pk": 330}, {"fields": {"vendor": 182, "pool": "4_UR", "piid": "GS00Q14OADU407"}, "model": "vendor.poolpiid", "pk": 331}, {"fields": {"vendor": 133, "pool": "4_UR", "piid": "GS00Q14OADU408"}, "model": "vendor.poolpiid", "pk": 332}, {"fields": {"vendor": 134, "pool": "4_UR", "piid": "GS00Q14OADU409"}, "model": "vendor.poolpiid", "pk": 333}, {"fields": {"vendor": 135, "pool": "4_UR", "piid": "GS00Q14OADU410"}, "model": "vendor.poolpiid", "pk": 334}, {"fields": {"vendor": 136, "pool": "4_UR", "piid": "GS00Q14OADU411"}, "model": "vendor.poolpiid", "pk": 335}, {"fields": {"vendor": 119, "pool": "4_UR", "piid": "GS00Q14OADU412"}, "model": "vendor.poolpiid", "pk": 336}, {"fields": {"vendor": 138, "pool": "4_UR", "piid": "GS00Q14OADU413"}, "model": "vendor.poolpiid", "pk": 337}, {"fields": {"vendor": 170, "pool": "4_UR", "piid": "GS00Q14OADU414"}, "model": "vendor.poolpiid", "pk": 338}, {"fields": {"vendor": 140, "pool": "4_UR", "piid": "TBD"}, "model": "vendor.poolpiid", "pk": 339}, {"fields": {"vendor": 141, "pool": "4_UR", "piid": "GS00Q14OADU416"}, "model": "vendor.poolpiid", "pk": 340}, {"fields": {"vendor": 142, "pool": "4_UR", "piid": "GS00Q14OADU417"}, "model": "vendor.poolpiid", "pk": 341}, {"fields": {"vendor": 143, "pool": "4_UR", "piid": "GS00Q14OADU441"}, "model": "vendor.poolpiid", "pk": 342}, {"fields": {"vendor": 144, "pool": "4_UR", "piid": "GS00Q14OADU418"}, "model": "vendor.poolpiid", "pk": 343}, {"fields": {"vendor": 145, "pool": "4_UR", "piid": "GS00Q14OADU419"}, "model": "vendor.poolpiid", "pk": 344}, {"fields": {"vendor": 146, "pool": "4_UR", "piid": "GS00Q14OADU420"}, "model": "vendor.poolpiid", "pk": 345}, {"fields": {"vendor": 147, "pool": "4_UR", "piid": "GS00Q14OADU421"}, "model": "vendor.poolpiid", "pk": 346}, {"fields": {"vendor": 148, "pool": "4_UR", "piid": "GS00Q14OADU422"}, "model": "vendor.poolpiid", "pk": 347}, {"fields": {"vendor": 149, "pool": "4_UR", "piid": "GS00Q14OADU423"}, "model": "vendor.poolpiid", "pk": 348}, {"fields": {"vendor": 150, "pool": "4_UR", "piid": "GS00Q14OADU424"}, "model": "vendor.poolpiid", "pk": 349}, {"fields": {"vendor": 152, "pool": "4_UR", "piid": "GS00Q14OADU425"}, "model": "vendor.poolpiid", "pk": 350}, {"fields": {"vendor": 153, "pool": "4_UR", "piid": "GS00Q14OADU426"}, "model": "vendor.poolpiid", "pk": 351}, {"fields": {"vendor": 154, "pool": "4_UR", "piid": "GS00Q14OADU427"}, "model": "vendor.poolpiid", "pk": 352}, {"fields": {"vendor": 155, "pool": "4_UR", "piid": "GS00Q14OADU428"}, "model": "vendor.poolpiid", "pk": 353}, {"fields": {"vendor": 123, "pool": "4_UR", "piid": "GS00Q14OADU429"}, "model": "vendor.poolpiid", "pk": 354}, {"fields": {"vendor": 156, "pool": "4_UR", "piid": "GS00Q14OADU430"}, "model": "vendor.poolpiid", "pk": 355}, {"fields": {"vendor": 157, "pool": "4_UR", "piid": "GS00Q14OADU431"}, "model": "vendor.poolpiid", "pk": 356}, {"fields": {"vendor": 158, "pool": "4_UR", "piid": "GS00Q14OADU432"}, "model": "vendor.poolpiid", "pk": 357}, {"fields": {"vendor": 159, "pool": "4_UR", "piid": "GS00Q14OADU433"}, "model": "vendor.poolpiid", "pk": 358}, {"fields": {"vendor": 160, "pool": "4_UR", "piid": "GS00Q14OADU434"}, "model": "vendor.poolpiid", "pk": 359}, {"fields": {"vendor": 161, "pool": "4_UR", "piid": "GS00Q14OADU435"}, "model": "vendor.poolpiid", "pk": 360}, {"fields": {"vendor": 162, "pool": "4_UR", "piid": "GS00Q14OADU436"}, "model": "vendor.poolpiid", "pk": 361}, {"fields": {"vendor": 163, "pool": "4_UR", "piid": "GS00Q14OADU437"}, "model": "vendor.poolpiid", "pk": 362}, {"fields": {"vendor": 164, "pool": "4_UR", "piid": "GS00Q14OADU438"}, "model": "vendor.poolpiid", "pk": 363}, {"fields": {"vendor": 165, "pool": "4_UR", "piid": "GS00Q14OADU439"}, "model": "vendor.poolpiid", "pk": 364}, {"fields": {"vendor": 167, "pool": "4_UR", "piid": "GS00Q14OADU440"}, "model": "vendor.poolpiid", "pk": 365}, {"fields": {"vendor": 116, "pool": "5A_UR", "piid": "GS00Q14OADU501"}, "model": "vendor.poolpiid", "pk": 366}, {"fields": {"vendor": 129, "pool": "5A_UR", "piid": "GS00Q14OADU503"}, "model": "vendor.poolpiid", "pk": 367}, {"fields": {"vendor": 130, "pool": "5A_UR", "piid": "GS00Q14OADU502"}, "model": "vendor.poolpiid", "pk": 368}, {"fields": {"vendor": 131, "pool": "5A_UR", "piid": "GS00Q14OADU504"}, "model": "vendor.poolpiid", "pk": 369}, {"fields": {"vendor": 132, "pool": "5A_UR", "piid": "GS00Q14OADU505"}, "model": "vendor.poolpiid", "pk": 370}, {"fields": {"vendor": 134, "pool": "5A_UR", "piid": "GS00Q14OADU506"}, "model": "vendor.poolpiid", "pk": 371}, {"fields": {"vendor": 136, "pool": "5A_UR", "piid": "GS00Q14OADU507"}, "model": "vendor.poolpiid", "pk": 372}, {"fields": {"vendor": 141, "pool": "5A_UR", "piid": "GS00Q14OADU508"}, "model": "vendor.poolpiid", "pk": 373}, {"fields": {"vendor": 144, "pool": "5A_UR", "piid": "GS00Q14OADU509"}, "model": "vendor.poolpiid", "pk": 374}, {"fields": {"vendor": 145, "pool": "5A_UR", "piid": "GS00Q14OADU510"}, "model": "vendor.poolpiid", "pk": 375}, {"fields": {"vendor": 146, "pool": "5A_UR", "piid": "GS00Q14OADU511"}, "model": "vendor.poolpiid", "pk": 376}, {"fields": {"vendor": 147, "pool": "5A_UR", "piid": "GS00Q14OADU512"}, "model": "vendor.poolpiid", "pk": 377}, {"fields": {"vendor": 150, "pool": "5A_UR", "piid": "GS00Q14OADU513"}, "model": "vendor.poolpiid", "pk": 378}, {"fields": {"vendor": 153, "pool": "5A_UR", "piid": "GS00Q14OADU514"}, "model": "vendor.poolpiid", "pk": 379}, {"fields": {"vendor": 154, "pool": "5A_UR", "piid": "GS00Q14OADU515"}, "model": "vendor.poolpiid", "pk": 380}, {"fields": {"vendor": 155, "pool": "5A_UR", "piid": "GS00Q14OADU516"}, "model": "vendor.poolpiid", "pk": 381}, {"fields": {"vendor": 123, "pool": "5A_UR", "piid": "GS00Q14OADU517"}, "model": "vendor.poolpiid", "pk": 382}, {"fields": {"vendor": 157, "pool": "5A_UR", "piid": "GS00Q14OADU518"}, "model": "vendor.poolpiid", "pk": 383}, {"fields": {"vendor": 161, "pool": "5A_UR", "piid": "GS00Q14OADU519"}, "model": "vendor.poolpiid", "pk": 384}, {"fields": {"vendor": 167, "pool": "5A_UR", "piid": "GS00Q14OADU520"}, "model": "vendor.poolpiid", "pk": 385}, {"fields": {"vendor": 116, "pool": "5B_UR", "piid": "GS00Q14OADU601"}, "model": "vendor.poolpiid", "pk": 386}, {"fields": {"vendor": 130, "pool": "5B_UR", "piid": "GS00Q14OADU602"}, "model": "vendor.poolpiid", "pk": 387}, {"fields": {"vendor": 131, "pool": "5B_UR", "piid": "GS00Q14OADU603"}, "model": "vendor.poolpiid", "pk": 388}, {"fields": {"vendor": 132, "pool": "5B_UR", "piid": "GS00Q14OADU604"}, "model": "vendor.poolpiid", "pk": 389}, {"fields": {"vendor": 134, "pool": "5B_UR", "piid": "GS00Q14OADU605"}, "model": "vendor.poolpiid", "pk": 390}, {"fields": {"vendor": 135, "pool": "5B_UR", "piid": "GS00Q14OADU606"}, "model": "vendor.poolpiid", "pk": 391}, {"fields": {"vendor": 141, "pool": "5B_UR", "piid": "GS00Q14OADU607"}, "model": "vendor.poolpiid", "pk": 392}, {"fields": {"vendor": 144, "pool": "5B_UR", "piid": "GS00Q14OADU608"}, "model": "vendor.poolpiid", "pk": 393}, {"fields": {"vendor": 145, "pool": "5B_UR", "piid": "GS00Q14OADU609"}, "model": "vendor.poolpiid", "pk": 394}, {"fields": {"vendor": 146, "pool": "5B_UR", "piid": "GS00Q14OADU610"}, "model": "vendor.poolpiid", "pk": 395}, {"fields": {"vendor": 147, "pool": "5B_UR", "piid": "GS00Q14OADU611"}, "model": "vendor.poolpiid", "pk": 396}, {"fields": {"vendor": 148, "pool": "5B_UR", "piid": "GS00Q14OADU612"}, "model": "vendor.poolpiid", "pk": 397}, {"fields": {"vendor": 150, "pool": "5B_UR", "piid": "GS00Q14OADU613"}, "model": "vendor.poolpiid", "pk": 398}, {"fields": {"vendor": 152, "pool": "5B_UR", "piid": "GS00Q14OADU614"}, "model": "vendor.poolpiid", "pk": 399}, {"fields": {"vendor": 154, "pool": "5B_UR", "piid": "GS00Q14OADU615"}, "model": "vendor.poolpiid", "pk": 400}, {"fields": {"vendor": 155, "pool": "5B_UR", "piid": "GS00Q14OADU616"}, "model": "vendor.poolpiid", "pk": 401}, {"fields": {"vendor": 123, "pool": "5B_UR", "piid": "GS00Q14OADU617"}, "model": "vendor.poolpiid", "pk": 402}, {"fields": {"vendor": 157, "pool": "5B_UR", "piid": "GS00Q14OADU618"}, "model": "vendor.poolpiid", "pk": 403}, {"fields": {"vendor": 158, "pool": "5B_UR", "piid": "GS00Q14OADU619"}, "model": "vendor.poolpiid", "pk": 404}, {"fields": {"vendor": 161, "pool": "5B_UR", "piid": "GS00Q14OADU620"}, "model": "vendor.poolpiid", "pk": 405}, {"fields": {"vendor": 163, "pool": "5B_UR", "piid": "GS00Q14OADU621"}, "model": "vendor.poolpiid", "pk": 406}, {"fields": {"vendor": 116, "pool": "6_UR", "piid": "GS00Q14OADU701"}, "model": "vendor.poolpiid", "pk": 407}, {"fields": {"vendor": 129, "pool": "6_UR", "piid": "GS00Q14OADU703"}, "model": "vendor.poolpiid", "pk": 408}, {"fields": {"vendor": 130, "pool": "6_UR", "piid": "GS00Q14OADU702"}, "model": "vendor.poolpiid", "pk": 409}, {"fields": {"vendor": 131, "pool": "6_UR", "piid": "GS00Q14OADU704"}, "model": "vendor.poolpiid", "pk": 410}, {"fields": {"vendor": 132, "pool": "6_UR", "piid": "GS00Q14OADU705"}, "model": "vendor.poolpiid", "pk": 411}, {"fields": {"vendor": 107, "pool": "6_UR", "piid": "GS00Q14OADU706"}, "model": "vendor.poolpiid", "pk": 412}, {"fields": {"vendor": 118, "pool": "6_UR", "piid": "GS00Q14OADU707"}, "model": "vendor.poolpiid", "pk": 413}, {"fields": {"vendor": 168, "pool": "6_UR", "piid": "GS00Q14OADU708"}, "model": "vendor.poolpiid", "pk": 414}, {"fields": {"vendor": 119, "pool": "6_UR", "piid": "GS00Q14OADU709"}, "model": "vendor.poolpiid", "pk": 415}, {"fields": {"vendor": 170, "pool": "6_UR", "piid": "GS00Q14OADU710"}, "model": "vendor.poolpiid", "pk": 416}, {"fields": {"vendor": 184, "pool": "6_UR", "piid": "GS00Q14OADU711"}, "model": "vendor.poolpiid", "pk": 417}, {"fields": {"vendor": 141, "pool": "6_UR", "piid": "GS00Q14OADU712"}, "model": "vendor.poolpiid", "pk": 418}, {"fields": {"vendor": 108, "pool": "6_UR", "piid": "GS00Q14OADU713"}, "model": "vendor.poolpiid", "pk": 419}, {"fields": {"vendor": 144, "pool": "6_UR", "piid": "GS00Q14OADU714"}, "model": "vendor.poolpiid", "pk": 420}, {"fields": {"vendor": 145, "pool": "6_UR", "piid": "GS00Q14OADU715"}, "model": "vendor.poolpiid", "pk": 421}, {"fields": {"vendor": 146, "pool": "6_UR", "piid": "GS00Q14OADU716"}, "model": "vendor.poolpiid", "pk": 422}, {"fields": {"vendor": 147, "pool": "6_UR", "piid": "GS00Q14OADU717"}, "model": "vendor.poolpiid", "pk": 423}, {"fields": {"vendor": 185, "pool": "6_UR", "piid": "GS00Q14OADU718"}, "model": "vendor.poolpiid", "pk": 424}, {"fields": {"vendor": 186, "pool": "6_UR", "piid": "GS00Q14OADU719"}, "model": "vendor.poolpiid", "pk": 425}, {"fields": {"vendor": 109, "pool": "6_UR", "piid": "GS00Q14OADU720"}, "model": "vendor.poolpiid", "pk": 426}, {"fields": {"vendor": 91, "pool": "6_UR", "piid": "GS00Q14OADU721"}, "model": "vendor.poolpiid", "pk": 427}, {"fields": {"vendor": 150, "pool": "6_UR", "piid": "GS00Q14OADU722"}, "model": "vendor.poolpiid", "pk": 428}, {"fields": {"vendor": 95, "pool": "6_UR", "piid": "GS00Q14OADU723"}, "model": "vendor.poolpiid", "pk": 429}, {"fields": {"vendor": 153, "pool": "6_UR", "piid": "GS00Q14OADU724"}, "model": "vendor.poolpiid", "pk": 430}, {"fields": {"vendor": 34, "pool": "6_UR", "piid": "GS00Q14OADU725"}, "model": "vendor.poolpiid", "pk": 431}, {"fields": {"vendor": 99, "pool": "6_UR", "piid": "GS00Q14OADU726"}, "model": "vendor.poolpiid", "pk": 432}, {"fields": {"vendor": 154, "pool": "6_UR", "piid": "GS00Q14OADU727"}, "model": "vendor.poolpiid", "pk": 433}, {"fields": {"vendor": 155, "pool": "6_UR", "piid": "GS00Q14OADU728"}, "model": "vendor.poolpiid", "pk": 434}, {"fields": {"vendor": 123, "pool": "6_UR", "piid": "GS00Q14OADU729"}, "model": "vendor.poolpiid", "pk": 435}, {"fields": {"vendor": 157, "pool": "6_UR", "piid": "GS00Q14OADU730"}, "model": "vendor.poolpiid", "pk": 436}, {"fields": {"vendor": 101, "pool": "6_UR", "piid": "GS00Q14OADU731"}, "model": "vendor.poolpiid", "pk": 437}, {"fields": {"vendor": 68, "pool": "6_UR", "piid": "GS00Q14OADU732"}, "model": "vendor.poolpiid", "pk": 438}, {"fields": {"vendor": 161, "pool": "6_UR", "piid": "GS00Q14OADU733"}, "model": "vendor.poolpiid", "pk": 439}, {"fields": {"vendor": 105, "pool": "6_UR", "piid": "GS00Q14OADU734"}, "model": "vendor.poolpiid", "pk": 440}, {"fields": {"vendor": 165, "pool": "6_UR", "piid": "GS00Q14OADU735"}, "model": "vendor.poolpiid", "pk": 441}, {"fields": {"vendor": 125, "pool": "6_UR", "piid": "GS00Q14OADU736"}, "model": "vendor.poolpiid", "pk": 442}, {"fields": {"vendor": 167, "pool": "6_UR", "piid": "GS00Q14OADU737"}, "model": "vendor.poolpiid", "pk": 443}, {"fields": {"short_name": "Veteran Owned", "far_order": 5, "code": "A5", "abbreviation": "VO"}, "model": "vendor.setaside", "pk": 1}, {"fields": {"short_name": "Service Disabled Vet Owned", "far_order": 3, "code": "QF", "abbreviation": "SDVO"}, "model": "vendor.setaside", "pk": 2}, {"fields": {"short_name": "Woman Owned", "far_order": 4, "code": "A2", "abbreviation": "WO"}, "model": "vendor.setaside", "pk": 3}, {"fields": {"short_name": "Small Disadvantaged Business", "far_order": 6, "code": "27", "abbreviation": "SDB"}, "model": "vendor.setaside", "pk": 15}, {"fields": {"short_name": "8(A)", "far_order": 1, "code": "A6", "abbreviation": "8(A)"}, "model": "vendor.setaside", "pk": 16}, {"fields": {"short_name": "HUBZone", "far_order": 2, "code": "XX", "abbreviation": "HubZ"}, "model": "vendor.setaside", "pk": 18}, {"fields": {"short_code": "541330", "code": "541330", "description": "Engineering Services"}, "model": "vendor.naics", "pk": 1}, {"fields": {"short_code": "541360", "code": "541360", "description": "Geophysical Surveying and Mapping Services"}, "model": "vendor.naics", "pk": 2}, {"fields": {"short_code": "541370", "code": "541370", "description": "Surveying and Mapping (except Geophysical) Services"}, "model": "vendor.naics", "pk": 3}, {"fields": {"short_code": "541380", "code": "541380", "description": "Testing Laboratories"}, "model": "vendor.naics", "pk": 4}, {"fields": {"short_code": "541611", "code": "541611", "description": "Administrative Management and General Management Consulting Services"}, "model": "vendor.naics", "pk": 5}, {"fields": {"short_code": "541612", "code": "541612", "description": "Human Resources Consulting Services"}, "model": "vendor.naics", "pk": 6}, {"fields": {"short_code": "541613", "code": "541613", "description": "Marketing Consulting Services"}, "model": "vendor.naics", "pk": 7}, {"fields": {"short_code": "541614", "code": "541614", "description": "Process, Physical Distribution, and Logistics Consulting Services"}, "model": "vendor.naics", "pk": 8}, {"fields": {"short_code": "541618", "code": "541618", "description": "Other Management Consulting Services"}, "model": "vendor.naics", "pk": 9}, {"fields": {"short_code": "541620", "code": "541620", "description": "Environmental Consulting Services"}, "model": "vendor.naics", "pk": 10}, {"fields": {"short_code": "541690", "code": "541690", "description": "Other Scientific and Technical Consulting Services"}, "model": "vendor.naics", "pk": 11}, {"fields": {"short_code": "541810", "code": "541810", "description": "Advertising Agencies"}, "model": "vendor.naics", "pk": 12}, {"fields": {"short_code": "541820", "code": "541820", "description": "Public Relations Agencies"}, "model": "vendor.naics", "pk": 13}, {"fields": {"short_code": "541830", "code": "541830", "description": "Media Buying Agencies"}, "model": "vendor.naics", "pk": 14}, {"fields": {"short_code": "541840", "code": "541840", "description": "Media Representatives"}, "model": "vendor.naics", "pk": 15}, {"fields": {"short_code": "541850", "code": "541850", "description": "Outdoor Advertising"}, "model": "vendor.naics", "pk": 16}, {"fields": {"short_code": "541860", "code": "541860", "description": "Direct Mail Advertising"}, "model": "vendor.naics", "pk": 17}, {"fields": {"short_code": "541870", "code": "541870", "description": "Advertising Material Distribution Services"}, "model": "vendor.naics", "pk": 18}, {"fields": {"short_code": "541890", "code": "541890", "description": "Other Services Related to Advertising"}, "model": "vendor.naics", "pk": 19}, {"fields": {"short_code": "541910", "code": "541910", "description": "Marketing Research and Public Opinion Polling"}, "model": "vendor.naics", "pk": 20}, {"fields": {"short_code": "541990", "code": "541990", "description": "All Other Professional, Scientific, and Technical Services"}, "model": "vendor.naics", "pk": 21}, {"fields": {"short_code": "541211", "code": "541211", "description": "Offices of Certified Public Accountants"}, "model": "vendor.naics", "pk": 22}, {"fields": {"short_code": "541213", "code": "541213", "description": "Tax Preparation Services"}, "model": "vendor.naics", "pk": 23}, {"fields": {"short_code": "541214", "code": "541214", "description": "Payroll Services"}, "model": "vendor.naics", "pk": 24}, {"fields": {"short_code": "541219", "code": "541219", "description": "Other Accounting Services"}, "model": "vendor.naics", "pk": 25}, {"fields": {"short_code": "541720", "code": "541720", "description": "Research and Development in the Social Sciences and Humanities"}, "model": "vendor.naics", "pk": 26}, {"fields": {"short_code": "541330A", "code": "541330", "description": "Engineering for Military and Aerospace Equipment and Military Weapons"}, "model": "vendor.naics", "pk": 27}, {"fields": {"short_code": "541330B", "code": "541330", "description": "Engineering for Contracts and Subcontracts for Engineering Services Awarded Under the National Energy Policy Act of 1992"}, "model": "vendor.naics", "pk": 28}, {"fields": {"short_code": "541330C", "code": "541330", "description": "Engineering for Marine Engineering and Naval Architecture"}, "model": "vendor.naics", "pk": 29}, {"fields": {"short_code": "541711", "code": "541711", "description": "Research and Development in Biotechnology\r\n"}, "model": "vendor.naics", "pk": 30}, {"fields": {"short_code": "541712", "code": "541712", "description": "Research and Development in the Physical, Engineering, and Life Sciences (except Biotechnology)"}, "model": "vendor.naics", "pk": 31}, {"fields": {"short_code": "541712B", "code": "541712", "description": "Research and Development in Aircraft Parts, and Auxiliary Equipment, and Aircraft Engine Parts"}, "model": "vendor.naics", "pk": 32}, {"fields": {"short_code": "541712C", "code": "541712", "description": "Research and Development in Space Vehicles and Guided Missiles, their Propulsion Units, and their Auxiliary Equipment Parts"}, "model": "vendor.naics", "pk": 33}, {"fields": {"short_code": "541712A", "code": "541712", "description": "Research and Development in Aircraft"}, "model": "vendor.naics", "pk": 34}, {"fields": {"sam_load": "2014-09-30"}, "model": "vendor.samload", "pk": 1}, {"fields": {"sam_load": "2014-10-02"}, "model": "vendor.samload", "pk": 2}, {"fields": {"sam_load": "2014-10-02"}, "model": "vendor.samload", "pk": 3}, {"fields": {"sam_load": "2014-10-02"}, "model": "vendor.samload", "pk": 4}, {"fields": {"sam_load": "2014-10-02"}, "model": "vendor.samload", "pk": 5}]